<?xml version="1.0" encoding="UTF-8"?>
<!DOCTYPE html PUBLIC "-//W3C//DTD XHTML 1.0 Transitional//EN"
    "http://www.w3.org/TR/xhtml1/DTD/xhtml1-transitional.dtd">
<html xmlns="http://www.w3.org/1999/xhtml" xml:lang="en" lang="en">
 <head>
  <title>
</title>
<meta http-equiv="Content-Type" content="text/html;charset=utf-8" />
  <meta name='ocr-system' content='tesseract 3.04.00' />
  <meta name='ocr-capabilities' content='ocr_page ocr_carea ocr_par ocr_line ocrx_word'/>
</head>
<body>
  <div class='ocr_page' id='page_1' title='image "./operagraeceetla00dindgoog/operagraeceetla00dindgoog_0194.png"; bbox 0 0 3825 6059; ppageno 0'>
   <div class='ocr_carea' id='block_1_1' title="bbox 256 479 1452 578">
    <p class='ocr_par' dir='ltr' id='par_1_1' title="bbox 256 479 1452 578">
     <span class='ocr_line' id='line_1_1' title="bbox 256 479 1452 578; baseline 0.006 -37"><span class='ocrx_word' id='word_1_1' title='bbox 256 492 310 541; x_wconf 80' lang='lat' dir='ltr'>tio</span> <span class='ocrx_word' id='word_1_2' title='bbox 352 480 495 556; x_wconf 60' lang='lat' dir='ltr'>(armatas.)</span> <span class='ocrx_word' id='word_1_3' title='bbox 667 566 672 578; x_wconf 30' lang='lat'><strong><em>⁹</em></strong></span> <span class='ocrx_word' id='word_1_4' title='bbox 705 479 780 536; x_wconf 81' lang='lat' dir='ltr'>Tot</span> <span class='ocrx_word' id='word_1_5' title='bbox 804 479 901 540; x_wconf 80' lang='grc' dir='ltr'>ΙΟΥΔ.</span> <span class='ocrx_word' id='word_1_6' title='bbox 923 481 1107 540; x_wconf 73' lang='grc' dir='ltr'><strong>ΠΟΛΕΜΟΥ</strong></span> <span class='ocrx_word' id='word_1_7' title='bbox 1128 483 1225 542; x_wconf 75' lang='lat' dir='ltr'>illita.</span> <span class='ocrx_word' id='word_1_8' title='bbox 1248 484 1278 546; x_wconf 81' lang='grc' dir='ltr'>Γ.</span> <span class='ocrx_word' id='word_1_9' title='bbox 1303 486 1393 547; x_wconf 85' lang='grc' dir='ltr'><strong>ΚΕΦ.</strong></span> <span class='ocrx_word' id='word_1_10' title='bbox 1416 489 1452 548; x_wconf 85' lang='grc' dir='ltr'>Η.</span> 
     </span>
    </p>
   </div>
   <div class='ocr_carea' id='block_1_2' title="bbox 253 604 1850 972">
    <p class='ocr_par' dir='ltr' id='par_1_2' title="bbox 253 604 1850 972">
     <span class='ocr_line' id='line_1_2' title="bbox 253 604 1849 686; baseline 0.011 -24"><span class='ocrx_word' id='word_1_11' title='bbox 253 635 267 662; x_wconf 77' lang='grc' dir='ltr'>α</span> <span class='ocrx_word' id='word_1_12' title='bbox 280 606 307 666; x_wconf 79' lang='grc' dir='ltr'>δέ</span> <span class='ocrx_word' id='word_1_13' title='bbox 321 607 458 665; x_wconf 85' lang='grc' dir='ltr'>κάλλιστον</span> <span class='ocrx_word' id='word_1_14' title='bbox 473 604 600 676; x_wconf 83' lang='grc' dir='ltr'>δεσπότην</span> <span class='ocrx_word' id='word_1_15' title='bbox 612 605 840 685; x_wconf 74' lang='grc' dir='ltr'>ἀποδιδράσκοντες</span> <span class='ocrx_word' id='word_1_16' title='bbox 854 608 897 666; x_wconf 81' lang='grc' dir='ltr'>τὸν</span> <span class='ocrx_word' id='word_1_17' title='bbox 908 610 987 685; x_wconf 82' lang='grc' dir='ltr'>Θεὸν,</span> <span class='ocrx_word' id='word_1_18' title='bbox 1001 611 1030 667; x_wconf 88' lang='grc' dir='ltr'>οὐ</span> <span class='ocrx_word' id='word_1_19' title='bbox 1076 617 1141 679; x_wconf 73' lang='grc' dir='ltr'>τίγισί</span> <span class='ocrx_word' id='word_1_20' title='bbox 1163 631 1218 667; x_wconf 82' lang='lat' dir='ltr'>reru</span> <span class='ocrx_word' id='word_1_21' title='bbox 1231 623 1306 670; x_wconf 86' lang='lat' dir='ltr'>Deum</span> <span class='ocrx_word' id='word_1_22' title='bbox 1325 621 1457 684; x_wconf 78' lang='lat' dir='ltr'>fugientes,</span> <span class='ocrx_word' id='word_1_23' title='bbox 1475 625 1609 673; x_wconf 89' lang='lat' dir='ltr'>dominum</span> <span class='ocrx_word' id='word_1_24' title='bbox 1631 624 1764 686; x_wconf 87' lang='lat' dir='ltr'>optimum,</span> <span class='ocrx_word' id='word_1_25' title='bbox 1780 642 1849 679; x_wconf 83' lang='lat' dir='ltr'>mane</span> 
     </span>
     <span class='ocr_line' id='line_1_3' title="bbox 254 683 1847 779; baseline 0.006 -20"><span class='ocrx_word' id='word_1_26' title='bbox 254 723 267 749; x_wconf 77' lang='grc' dir='ltr'>ι</span> <span class='ocrx_word' id='word_1_27' title='bbox 280 698 404 769; x_wconf 64' lang='grc' dir='ltr'>δοκῶμεν</span> <span class='ocrx_word' id='word_1_28' title='bbox 412 692 532 764; x_wconf 46' lang='lat' dir='ltr'>diligati</span> <span class='ocrx_word' id='word_1_29' title='bbox 544 683 609 772; x_wconf 57' lang='grc' dir='ltr'>Ἆρῖ</span> <span class='ocrx_word' id='word_1_30' title='bbox 620 695 666 750; x_wconf 71' lang='grc' dir='ltr'>Οὐκ</span> <span class='ocrx_word' id='word_1_31' title='bbox 675 691 730 751; x_wconf 68' lang='grc' dir='ltr'>ἷῦῑῑ</span> <span class='ocrx_word' id='word_1_32' title='bbox 744 692 784 752; x_wconf 74' lang='lat' dir='ltr'>&amp;a</span> <span class='ocrx_word' id='word_1_33' title='bbox 794 699 846 752; x_wconf 68' lang='grc' dir='ltr'>τῶν</span> <span class='ocrx_word' id='word_1_34' title='bbox 858 694 905 771; x_wconf 69' lang='grc' dir='ltr'>μὲν</span> <span class='ocrx_word' id='word_1_35' title='bbox 915 696 1031 763; x_wconf 67' lang='grc' dir='ltr'>ἐξιόντων</span> <span class='ocrx_word' id='word_1_36' title='bbox 1076 727 1087 751; x_wconf 79' lang='lat' dir='ltr'>r</span> <span class='ocrx_word' id='word_1_37' title='bbox 1099 709 1169 770; x_wconf 87' lang='lat' dir='ltr'>iurpic</span> <span class='ocrx_word' id='word_1_38' title='bbox 1186 711 1262 761; x_wconf 85' lang='lat' dir='ltr'>lucere</span> <span class='ocrx_word' id='word_1_39' title='bbox 1275 712 1397 763; x_wconf 79' lang='lat' dir='ltr'>videmur?</span> <span class='ocrx_word' id='word_1_40' title='bbox 1407 719 1442 763; x_wconf 84' lang='grc' dir='ltr'>Αιι</span> <span class='ocrx_word' id='word_1_41' title='bbox 1453 715 1555 765; x_wconf 86' lang='lat' dir='ltr'>nescitis</span> <span class='ocrx_word' id='word_1_42' title='bbox 1574 716 1732 764; x_wconf 83' lang='lat' dir='ltr'>merientium</span> <span class='ocrx_word' id='word_1_43' title='bbox 1743 718 1806 779; x_wconf 78' lang='lat' dir='ltr'>juata</span> <span class='ocrx_word' id='word_1_44' title='bbox 1815 736 1847 769; x_wconf 86' lang='lat' dir='ltr'>aa·</span> 
     </span>
     <span class='ocr_line' id='line_1_4' title="bbox 256 778 1849 874; baseline 0.009 -27"><span class='ocrx_word' id='word_1_45' title='bbox 256 808 270 835; x_wconf 75' lang='lat'>⁸</span> <span class='ocrx_word' id='word_1_46' title='bbox 282 786 327 840; x_wconf 69' lang='grc' dir='ltr'>τοῦ</span> <span class='ocrx_word' id='word_1_47' title='bbox 350 780 406 858; x_wconf 67' lang='grc' dir='ltr'>βίον</span> <span class='ocrx_word' id='word_1_48' title='bbox 427 781 496 837; x_wconf 61' lang='grc' dir='ltr'>Μὰ</span> <span class='ocrx_word' id='word_1_49' title='bbox 509 780 552 836; x_wconf 65' lang='grc' dir='ltr'>τὸν</span> <span class='ocrx_word' id='word_1_50' title='bbox 569 783 614 848; x_wconf 66' lang='grc' dir='ltr'>τῆς</span> <span class='ocrx_word' id='word_1_51' title='bbox 632 778 730 859; x_wconf 52' lang='lat' dir='ltr'>itm&lt;</span> <span class='ocrx_word' id='word_1_52' title='bbox 743 779 821 856; x_wconf 63' lang='grc' dir='ltr'>νόμον</span> <span class='ocrx_word' id='word_1_53' title='bbox 833 781 878 838; x_wconf 63' lang='grc' dir='ltr'>καί</span> <span class='ocrx_word' id='word_1_54' title='bbox 891 782 921 838; x_wconf 64' lang='grc' dir='ltr'>τὸ</span> <span class='ocrx_word' id='word_1_55' title='bbox 934 780 1031 861; x_wconf 66' lang='grc' dir='ltr'>ληφθὲν</span> <span class='ocrx_word' id='word_1_56' title='bbox 1076 820 1089 844; x_wconf 81' lang='grc' dir='ltr'>ι</span> <span class='ocrx_word' id='word_1_57' title='bbox 1102 807 1161 850; x_wconf 75' lang='lat' dir='ltr'>turae</span> <span class='ocrx_word' id='word_1_58' title='bbox 1172 803 1256 864; x_wconf 79' lang='lat' dir='ltr'>legem,</span> <span class='ocrx_word' id='word_1_59' title='bbox 1267 810 1290 853; x_wconf 90' lang='lat' dir='ltr'>et</span> <span class='ocrx_word' id='word_1_60' title='bbox 1300 807 1340 868; x_wconf 79' lang='lat' dir='ltr'>qui</span> <span class='ocrx_word' id='word_1_61' title='bbox 1351 809 1403 856; x_wconf 83' lang='lat' dir='ltr'>Deo</span> <span class='ocrx_word' id='word_1_62' title='bbox 1412 807 1519 856; x_wconf 88' lang='lat' dir='ltr'>debitum</span> <span class='ocrx_word' id='word_1_63' title='bbox 1529 808 1667 858; x_wconf 80' lang='lat' dir='ltr'>exsolvunt</span> <span class='ocrx_word' id='word_1_64' title='bbox 1679 813 1789 872; x_wconf 73' lang='lat' dir='ltr'>repetenti</span> <span class='ocrx_word' id='word_1_65' title='bbox 1798 815 1849 874; x_wconf 78' lang='lat' dir='ltr'>quad</span> 
     </span>
     <span class='ocr_line' id='line_1_5' title="bbox 256 864 1850 972; baseline 0.007 -31"><span class='ocrx_word' id='word_1_66' title='bbox 256 898 267 918; x_wconf 67' lang='lat'>³</span> <span class='ocrx_word' id='word_1_67' title='bbox 279 866 352 947; x_wconf 57' lang='grc' dir='ltr'>παρὰ</span> <span class='ocrx_word' id='word_1_68' title='bbox 366 873 412 926; x_wconf 64' lang='lat'>²⁰¹7</span> <span class='ocrx_word' id='word_1_69' title='bbox 432 871 500 929; x_wconf 60' lang='grc' dir='ltr'><strong>Θεοῦ</strong></span> <span class='ocrx_word' id='word_1_70' title='bbox 512 864 586 946; x_wconf 61' lang='grc' dir='ltr'>Χθέθί</span> <span class='ocrx_word' id='word_1_71' title='bbox 605 865 868 972; x_wconf 41' lang='grc' dir='ltr'>ἐκτινόνῑωθνγθῗανθ</span> <span class='ocrx_word' id='word_1_72' title='bbox 885 869 942 936; x_wconf 59' lang='grc' dir='ltr'>δοὺς</span> <span class='ocrx_word' id='word_1_73' title='bbox 955 868 1029 946; x_wconf 60' lang='grc' dir='ltr'>κομί·</span> <span class='ocrx_word' id='word_1_74' title='bbox 1076 893 1209 956; x_wconf 76' lang='lat' dir='ltr'>«uenuu,</span> <span class='ocrx_word' id='word_1_75' title='bbox 1228 896 1322 946; x_wconf 86' lang='lat' dir='ltr'>landem</span> <span class='ocrx_word' id='word_1_76' title='bbox 1345 911 1398 947; x_wconf 83' lang='lat' dir='ltr'>esee</span> <span class='ocrx_word' id='word_1_77' title='bbox 1417 903 1547 958; x_wconf 85' lang='lat' dir='ltr'>aeternam,</span> <span class='ocrx_word' id='word_1_78' title='bbox 1574 899 1694 961; x_wconf 87' lang='lat' dir='ltr'>domurn,</span> <span class='ocrx_word' id='word_1_79' title='bbox 1712 904 1850 968; x_wconf 84' lang='lat' dir='ltr'>sobolemque</span> 
     </span>
    </p>
   </div>
   <div class='ocr_carea' id='block_1_3' title="bbox 1723 489 1836 570">
    <p class='ocr_par' dir='ltr' id='par_1_3' title="bbox 1723 489 1836 570">
     <span class='ocr_line' id='line_1_6' title="bbox 1723 489 1836 570; baseline 0.027 -3"><span class='ocrx_word' id='word_1_80' title='bbox 1723 489 1836 570; x_wconf 72' lang='grc' dir='ltr'>[ιιισιι]</span> 
     </span>
    </p>
   </div>
   <div class='ocr_carea' id='block_1_4' title="bbox 196 951 1032 3632">
    <p class='ocr_par' dir='ltr' id='par_1_4' title="bbox 228 951 1030 1380">
     <span class='ocr_line' id='line_1_7' title="bbox 228 951 1028 1033; baseline 0.004 -25"><span class='ocrx_word' id='word_1_81' title='bbox 228 982 243 1020; x_wconf 71' lang='grc' dir='ltr'>ς</span> <span class='ocrx_word' id='word_1_82' title='bbox 258 982 271 1008; x_wconf 76' lang='grc' dir='ltr'>ι</span> <span class='ocrx_word' id='word_1_83' title='bbox 287 961 382 1013; x_wconf 88' lang='grc' dir='ltr'>σασθαι</span> <span class='ocrx_word' id='word_1_84' title='bbox 395 955 473 1033; x_wconf 81' lang='grc' dir='ltr'>θέλῃ,</span> <span class='ocrx_word' id='word_1_85' title='bbox 486 955 558 1019; x_wconf 90' lang='grc' dir='ltr'>κλέος</span> <span class='ocrx_word' id='word_1_86' title='bbox 575 951 622 1028; x_wconf 85' lang='grc' dir='ltr'>μὲν</span> <span class='ocrx_word' id='word_1_87' title='bbox 636 952 748 1025; x_wconf 82' lang='grc' dir='ltr'>αἰώνιον,</span> <span class='ocrx_word' id='word_1_88' title='bbox 760 974 827 1012; x_wconf 89' lang='grc' dir='ltr'>ουιοι</span> <span class='ocrx_word' id='word_1_89' title='bbox 840 953 867 1012; x_wconf 82' lang='grc' dir='ltr'>δὲ</span> <span class='ocrx_word' id='word_1_90' title='bbox 880 955 926 1013; x_wconf 85' lang='grc' dir='ltr'>καί</span> <span class='ocrx_word' id='word_1_91' title='bbox 942 955 1028 1031; x_wconf 87' lang='grc' dir='ltr'>γενεαί</span> 
     </span>
     <span class='ocr_line' id='line_1_8' title="bbox 257 1037 1027 1122; baseline 0.005 -28"><span class='ocrx_word' id='word_1_92' title='bbox 257 1069 269 1094; x_wconf 76' lang='grc' dir='ltr'>ι</span> <span class='ocrx_word' id='word_1_93' title='bbox 284 1039 398 1120; x_wconf 83' lang='grc' dir='ltr'>βέύαιοι,</span> <span class='ocrx_word' id='word_1_94' title='bbox 412 1039 523 1120; x_wconf 85' lang='grc' dir='ltr'>καθαραί</span> <span class='ocrx_word' id='word_1_95' title='bbox 535 1040 562 1096; x_wconf 79' lang='grc' dir='ltr'>δὲ</span> <span class='ocrx_word' id='word_1_96' title='bbox 574 1039 619 1097; x_wconf 88' lang='grc' dir='ltr'>καί</span> <span class='ocrx_word' id='word_1_97' title='bbox 630 1040 736 1109; x_wconf 80' lang='grc' dir='ltr'>ἐπήκοοι</span> <span class='ocrx_word' id='word_1_98' title='bbox 754 1037 872 1116; x_wconf 88' lang='grc' dir='ltr'>μένουσιν</span> <span class='ocrx_word' id='word_1_99' title='bbox 888 1046 915 1100; x_wconf 85' lang='grc' dir='ltr'>αἱ</span> <span class='ocrx_word' id='word_1_100' title='bbox 928 1042 1027 1122; x_wconf 76' lang='grc' dir='ltr'>ψυχαί,</span> 
     </span>
     <span class='ocr_line' id='line_1_9' title="bbox 256 1127 1029 1207; baseline 0.008 -27"><span class='ocrx_word' id='word_1_101' title='bbox 256 1132 366 1207; x_wconf 73' lang='grc' dir='ltr'>«χῶρον</span> <span class='ocrx_word' id='word_1_102' title='bbox 392 1129 498 1206; x_wconf 81' lang='grc' dir='ltr'>οὐρανοῦ</span> <span class='ocrx_word' id='word_1_103' title='bbox 521 1129 652 1204; x_wconf 77' lang='grc' dir='ltr'>λαχοῦσαι</span> <span class='ocrx_word' id='word_1_104' title='bbox 668 1129 712 1184; x_wconf 79' lang='grc' dir='ltr'>τὀν</span> <span class='ocrx_word' id='word_1_105' title='bbox 736 1127 889 1204; x_wconf 81' lang='grc' dir='ltr'>ἁγιώτατον,</span> <span class='ocrx_word' id='word_1_106' title='bbox 911 1128 980 1186; x_wconf 86' lang='grc' dir='ltr'>ἔνθεν</span> <span class='ocrx_word' id='word_1_107' title='bbox 1000 1131 1029 1186; x_wconf 80' lang='grc' dir='ltr'>ἐκ</span> 
     </span>
     <span class='ocr_line' id='line_1_10' title="bbox 255 1213 1029 1294; baseline 0 -22"><span class='ocrx_word' id='word_1_108' title='bbox 255 1240 267 1272; x_wconf 85' lang='grc' dir='ltr'>ν</span> <span class='ocrx_word' id='word_1_109' title='bbox 281 1220 436 1294; x_wconf 72' lang='grc' dir='ltr'>περιτροπῆς</span> <span class='ocrx_word' id='word_1_110' title='bbox 447 1213 546 1271; x_wconf 82' lang='grc' dir='ltr'>αἰώνων</span> <span class='ocrx_word' id='word_1_111' title='bbox 561 1214 646 1290; x_wconf 80' lang='grc' dir='ltr'>ἁγνοῖς</span> <span class='ocrx_word' id='word_1_112' title='bbox 660 1216 738 1272; x_wconf 86' lang='grc' dir='ltr'>πάλιν</span> <span class='ocrx_word' id='word_1_113' title='bbox 750 1216 962 1282; x_wconf 82' lang='grc' dir='ltr'>ἀντενοικίζονται</span> <span class='ocrx_word' id='word_1_114' title='bbox 977 1214 1029 1272; x_wconf 86' lang='grc' dir='ltr'>σώ-</span> 
     </span>
     <span class='ocr_line' id='line_1_11' title="bbox 256 1298 1030 1380; baseline 0.006 -27"><span class='ocrx_word' id='word_1_115' title='bbox 256 1320 369 1377; x_wconf 82' lang='grc' dir='ltr'>ιμασιν·</span> <span class='ocrx_word' id='word_1_116' title='bbox 391 1298 459 1367; x_wconf 87' lang='grc' dir='ltr'>όσοις</span> <span class='ocrx_word' id='word_1_117' title='bbox 480 1299 585 1357; x_wconf 79' lang='grc' dir='ltr'>δὲκαθ’</span> <span class='ocrx_word' id='word_1_118' title='bbox 606 1303 704 1358; x_wconf 78' lang='grc' dir='ltr'>ἑαυτῶν</span> <span class='ocrx_word' id='word_1_119' title='bbox 723 1301 856 1376; x_wconf 72' lang='grc' dir='ltr'>ἐμάνησαν</span> <span class='ocrx_word' id='word_1_120' title='bbox 879 1305 907 1359; x_wconf 86' lang='grc' dir='ltr'>αί</span> <span class='ocrx_word' id='word_1_121' title='bbox 931 1303 1030 1380; x_wconf 86' lang='grc' dir='ltr'>χεῖρες,</span> 
     </span>
    </p>

    <p class='ocr_par' dir='ltr' id='par_1_5' title="bbox 216 1385 1032 1816">
     <span class='ocr_line' id='line_1_12' title="bbox 216 1385 1030 1468; baseline 0.004 -26"><span class='ocrx_word' id='word_1_122' title='bbox 216 1415 241 1453; x_wconf 88' lang='lat' dir='ltr'>tu</span> <span class='ocrx_word' id='word_1_123' title='bbox 255 1386 374 1446; x_wconf 83' lang='grc' dir='ltr'>ιτούτων</span> <span class='ocrx_word' id='word_1_124' title='bbox 396 1387 443 1462; x_wconf 87' lang='grc' dir='ltr'>μὲν</span> <span class='ocrx_word' id='word_1_125' title='bbox 467 1386 530 1467; x_wconf 75' lang='grc' dir='ltr'>ᾅδης</span> <span class='ocrx_word' id='word_1_126' title='bbox 543 1385 648 1464; x_wconf 83' lang='grc' dir='ltr'>δέχεται</span> <span class='ocrx_word' id='word_1_127' title='bbox 667 1387 713 1454; x_wconf 77' lang='grc' dir='ltr'>τάς</span> <span class='ocrx_word' id='word_1_128' title='bbox 724 1387 809 1466; x_wconf 76' lang='grc' dir='ltr'>ψυχὰς</span> <span class='ocrx_word' id='word_1_129' title='bbox 823 1387 1002 1468; x_wconf 81' lang='grc' dir='ltr'>σκοτιώτερος,</span> <span class='ocrx_word' id='word_1_130' title='bbox 1017 1393 1030 1445; x_wconf 82' lang='grc' dir='ltr'>ὁ</span> 
     </span>
     <span class='ocr_line' id='line_1_13' title="bbox 254 1471 1032 1554; baseline -0.003 -21"><span class='ocrx_word' id='word_1_131' title='bbox 254 1473 307 1533; x_wconf 71' lang='grc' dir='ltr'>«δὲ</span> <span class='ocrx_word' id='word_1_132' title='bbox 322 1471 420 1532; x_wconf 86' lang='grc' dir='ltr'>τούτων</span> <span class='ocrx_word' id='word_1_133' title='bbox 431 1472 520 1550; x_wconf 78' lang='grc' dir='ltr'>πατὴρ</span> <span class='ocrx_word' id='word_1_134' title='bbox 537 1473 604 1537; x_wconf 81' lang='grc' dir='ltr'>Θεὸς</span> <span class='ocrx_word' id='word_1_135' title='bbox 620 1475 657 1538; x_wconf 78' lang='grc' dir='ltr'>εἷς</span> <span class='ocrx_word' id='word_1_136' title='bbox 675 1475 792 1551; x_wconf 77' lang='grc' dir='ltr'>ἐκγόνους</span> <span class='ocrx_word' id='word_1_137' title='bbox 805 1483 956 1554; x_wconf 82' lang='grc' dir='ltr'>τιμωρεῖται</span> <span class='ocrx_word' id='word_1_138' title='bbox 973 1473 1032 1540; x_wconf 88' lang='grc' dir='ltr'>τούς</span> 
     </span>
     <span class='ocr_line' id='line_1_14' title="bbox 257 1558 1031 1641; baseline 0.004 -24"><span class='ocrx_word' id='word_1_139' title='bbox 257 1561 388 1641; x_wconf 76' lang='grc' dir='ltr'>«θάτερον</span> <span class='ocrx_word' id='word_1_140' title='bbox 401 1560 533 1639; x_wconf 86' lang='grc' dir='ltr'>ὐύριστάς.</span> <span class='ocrx_word' id='word_1_141' title='bbox 576 1558 627 1619; x_wconf 76' lang='lat' dir='ltr'>And</span> <span class='ocrx_word' id='word_1_142' title='bbox 650 1567 725 1620; x_wconf 77' lang='grc' dir='ltr'>τοῦτο</span> <span class='ocrx_word' id='word_1_143' title='bbox 742 1561 885 1639; x_wconf 77' lang='grc' dir='ltr'>μεμίσηται</span> <span class='ocrx_word' id='word_1_144' title='bbox 900 1561 974 1640; x_wconf 77' lang='grc' dir='ltr'>παρὰ</span> <span class='ocrx_word' id='word_1_145' title='bbox 994 1565 1031 1641; x_wconf 82' lang='grc' dir='ltr'>τῷ</span> 
     </span>
     <span class='ocr_line' id='line_1_15' title="bbox 256 1645 1031 1728; baseline 0.009 -28"><span class='ocrx_word' id='word_1_146' title='bbox 256 1677 270 1700; x_wconf 70' lang='grc' dir='ltr'>ι</span> <span class='ocrx_word' id='word_1_147' title='bbox 283 1651 345 1728; x_wconf 79' lang='grc' dir='ltr'>Θεῷ</span> <span class='ocrx_word' id='word_1_148' title='bbox 358 1652 433 1706; x_wconf 82' lang='grc' dir='ltr'>τοῶτο</span> <span class='ocrx_word' id='word_1_149' title='bbox 447 1647 492 1704; x_wconf 81' lang='grc' dir='ltr'>καί</span> <span class='ocrx_word' id='word_1_150' title='bbox 505 1645 578 1726; x_wconf 81' lang='grc' dir='ltr'>παρδ</span> <span class='ocrx_word' id='word_1_151' title='bbox 589 1651 628 1728; x_wconf 77' lang='grc' dir='ltr'>τῷ</span> <span class='ocrx_word' id='word_1_152' title='bbox 641 1649 784 1728; x_wconf 72' lang='grc' dir='ltr'>σοφωτάτῳ</span> <span class='ocrx_word' id='word_1_153' title='bbox 798 1651 933 1717; x_wconf 82' lang='grc' dir='ltr'>κολάζεται</span> <span class='ocrx_word' id='word_1_154' title='bbox 946 1671 1031 1725; x_wconf 88' lang='grc' dir='ltr'>νομο-</span> 
     </span>
     <span class='ocr_line' id='line_1_16' title="bbox 255 1733 1029 1816; baseline 0.004 -27"><span class='ocrx_word' id='word_1_155' title='bbox 255 1762 267 1789; x_wconf 68' lang='lat' dir='ltr'><strong><em>a</em></strong></span> <span class='ocrx_word' id='word_1_156' title='bbox 283 1734 354 1815; x_wconf 79' lang='grc' dir='ltr'>θέιῃ.</span> <span class='ocrx_word' id='word_1_157' title='bbox 395 1733 463 1799; x_wconf 84' lang='grc' dir='ltr'>Τούς</span> <span class='ocrx_word' id='word_1_158' title='bbox 476 1739 537 1809; x_wconf 73' lang='grc' dir='ltr'>γοῦν</span> <span class='ocrx_word' id='word_1_159' title='bbox 551 1737 686 1801; x_wconf 79' lang='grc' dir='ltr'>ἀνελόντας</span> <span class='ocrx_word' id='word_1_160' title='bbox 698 1735 803 1802; x_wconf 83' lang='grc' dir='ltr'>ἑαυτοὺς</span> <span class='ocrx_word' id='word_1_161' title='bbox 814 1737 887 1816; x_wconf 72' lang='grc' dir='ltr'>παρὰ</span> <span class='ocrx_word' id='word_1_162' title='bbox 903 1737 949 1812; x_wconf 81' lang='grc' dir='ltr'>μὲν</span> <span class='ocrx_word' id='word_1_163' title='bbox 967 1737 1029 1812; x_wconf 79' lang='grc' dir='ltr'>ἡμῖν</span> 
     </span>
    </p>

    <p class='ocr_par' dir='ltr' id='par_1_6' title="bbox 216 1818 1030 2248">
     <span class='ocr_line' id='line_1_17' title="bbox 216 1818 1030 1903; baseline 0.007 -29"><span class='ocrx_word' id='word_1_164' title='bbox 216 1847 241 1887; x_wconf 77' lang='lat' dir='ltr'>te</span> <span class='ocrx_word' id='word_1_165' title='bbox 254 1849 267 1874; x_wconf 72' lang='grc' dir='ltr'>ε</span> <span class='ocrx_word' id='word_1_166' title='bbox 280 1821 372 1901; x_wconf 82' lang='grc' dir='ltr'>μέχρις</span> <span class='ocrx_word' id='word_1_167' title='bbox 382 1821 456 1890; x_wconf 79' lang='grc' dir='ltr'>ἡλίου</span> <span class='ocrx_word' id='word_1_168' title='bbox 471 1818 566 1886; x_wconf 85' lang='grc' dir='ltr'>δύσεως</span> <span class='ocrx_word' id='word_1_169' title='bbox 578 1822 689 1901; x_wconf 77' lang='grc' dir='ltr'>οίτάρους</span> <span class='ocrx_word' id='word_1_170' title='bbox 704 1823 833 1902; x_wconf 79' lang='grc' dir='ltr'>ἐκρίπτειν</span> <span class='ocrx_word' id='word_1_171' title='bbox 843 1823 963 1903; x_wconf 82' lang='grc' dir='ltr'>ἔκριναν,</span> <span class='ocrx_word' id='word_1_172' title='bbox 975 1823 1030 1880; x_wconf 78' lang='grc' dir='ltr'>καί·</span> 
     </span>
     <span class='ocr_line' id='line_1_18' title="bbox 256 1906 1028 1990; baseline 0.008 -30"><span class='ocrx_word' id='word_1_173' title='bbox 256 1936 268 1960; x_wconf 76' lang='grc' dir='ltr'>ι</span> <span class='ocrx_word' id='word_1_174' title='bbox 281 1930 322 1966; x_wconf 87' lang='grc' dir='ltr'>τοι</span> <span class='ocrx_word' id='word_1_175' title='bbox 342 1907 388 1964; x_wconf 83' lang='grc' dir='ltr'>καί</span> <span class='ocrx_word' id='word_1_176' title='bbox 407 1906 545 1982; x_wconf 88' lang='grc' dir='ltr'>πολεμίους</span> <span class='ocrx_word' id='word_1_177' title='bbox 559 1907 664 1968; x_wconf 85' lang='grc' dir='ltr'>θάπτειν</span> <span class='ocrx_word' id='word_1_178' title='bbox 678 1910 780 1985; x_wconf 83' lang='grc' dir='ltr'>θεμιτὸν</span> <span class='ocrx_word' id='word_1_179' title='bbox 795 1909 945 1987; x_wconf 75' lang='grc' dir='ltr'>ἡγούμενοι·</span> <span class='ocrx_word' id='word_1_180' title='bbox 967 1910 1028 1990; x_wconf 84' lang='grc' dir='ltr'>παρ’</span> 
     </span>
     <span class='ocr_line' id='line_1_19' title="bbox 255 1992 1029 2076; baseline 0.009 -29"><span class='ocrx_word' id='word_1_181' title='bbox 255 2021 267 2047; x_wconf 72' lang='grc' dir='ltr'>ι</span> <span class='ocrx_word' id='word_1_182' title='bbox 281 1993 376 2073; x_wconf 76' lang='grc' dir='ltr'>ἑτέροις</span> <span class='ocrx_word' id='word_1_183' title='bbox 387 1992 428 2063; x_wconf 82' lang='grc' dir='ltr'>δὲ,</span> <span class='ocrx_word' id='word_1_184' title='bbox 438 1993 483 2051; x_wconf 82' lang='grc' dir='ltr'>καί</span> <span class='ocrx_word' id='word_1_185' title='bbox 496 1993 542 2060; x_wconf 87' lang='grc' dir='ltr'>τθις</span> <span class='ocrx_word' id='word_1_186' title='bbox 556 1993 638 2061; x_wconf 79' lang='grc' dir='ltr'>δεξιὰς</span> <span class='ocrx_word' id='word_1_187' title='bbox 652 1999 703 2053; x_wconf 88' lang='grc' dir='ltr'>τῶν</span> <span class='ocrx_word' id='word_1_188' title='bbox 717 1997 839 2055; x_wconf 91' lang='grc' dir='ltr'>τοιούτων</span> <span class='ocrx_word' id='word_1_189' title='bbox 852 2000 948 2076; x_wconf 79' lang='grc' dir='ltr'>νεκρῶν</span> <span class='ocrx_word' id='word_1_190' title='bbox 963 2000 1029 2054; x_wconf 83' lang='grc' dir='ltr'>ἀπο-</span> 
     </span>
     <span class='ocr_line' id='line_1_20' title="bbox 259 2072 1029 2161; baseline 0 -21"><span class='ocrx_word' id='word_1_191' title='bbox 259 2109 271 2133; x_wconf 79' lang='grc' dir='ltr'>ι</span> <span class='ocrx_word' id='word_1_192' title='bbox 282 2080 386 2140; x_wconf 85' lang='grc' dir='ltr'>κόπτειν</span> <span class='ocrx_word' id='word_1_193' title='bbox 400 2080 547 2152; x_wconf 72' lang='grc' dir='ltr'>ἐκέλευσαν,</span> <span class='ocrx_word' id='word_1_194' title='bbox 562 2072 601 2147; x_wconf 77' lang='grc' dir='ltr'>αἶς</span> <span class='ocrx_word' id='word_1_195' title='bbox 615 2081 818 2161; x_wconf 76' lang='grc' dir='ltr'>ἐστρατεύσαντο</span> <span class='ocrx_word' id='word_1_196' title='bbox 840 2086 897 2142; x_wconf 88' lang='grc' dir='ltr'>καθ’</span> <span class='ocrx_word' id='word_1_197' title='bbox 918 2087 1029 2159; x_wconf 77' lang='grc' dir='ltr'>ἑαυτῶν,</span> 
     </span>
     <span class='ocr_line' id='line_1_21' title="bbox 242 2166 1029 2248; baseline 0.003 -22"><span class='ocrx_word' id='word_1_198' title='bbox 242 2195 269 2238; x_wconf 36' lang='grc' dir='ltr'>,ι</span> <span class='ocrx_word' id='word_1_199' title='bbox 281 2166 434 2243; x_wconf 85' lang='grc' dir='ltr'>ἡγούμενοι,</span> <span class='ocrx_word' id='word_1_200' title='bbox 449 2166 566 2246; x_wconf 91' lang='grc' dir='ltr'>καθάπερ</span> <span class='ocrx_word' id='word_1_201' title='bbox 586 2167 615 2226; x_wconf 83' lang='grc' dir='ltr'>τὸ</span> <span class='ocrx_word' id='word_1_202' title='bbox 631 2171 708 2245; x_wconf 90' lang='grc' dir='ltr'>σῶμα</span> <span class='ocrx_word' id='word_1_203' title='bbox 722 2174 768 2240; x_wconf 78' lang='grc' dir='ltr'>τῆς</span> <span class='ocrx_word' id='word_1_204' title='bbox 784 2173 869 2248; x_wconf 78' lang='grc' dir='ltr'>ψυχῆς</span> <span class='ocrx_word' id='word_1_205' title='bbox 883 2169 1029 2248; x_wconf 81' lang='grc' dir='ltr'>ἀλλότριον,</span> 
     </span>
    </p>

    <p class='ocr_par' dir='ltr' id='par_1_7' title="bbox 214 2247 1029 2598">
     <span class='ocr_line' id='line_1_22' title="bbox 214 2247 1027 2333; baseline 0.005 -21"><span class='ocrx_word' id='word_1_206' title='bbox 214 2287 241 2324; x_wconf 68' lang='lat'>20</span> <span class='ocrx_word' id='word_1_207' title='bbox 255 2283 266 2307; x_wconf 79' lang='grc' dir='ltr'>ι</span> <span class='ocrx_word' id='word_1_208' title='bbox 282 2254 349 2314; x_wconf 85' lang='grc' dir='ltr'>οθτιο</span> <span class='ocrx_word' id='word_1_209' title='bbox 363 2254 408 2313; x_wconf 87' lang='grc' dir='ltr'>καί</span> <span class='ocrx_word' id='word_1_210' title='bbox 420 2254 467 2326; x_wconf 76' lang='grc' dir='ltr'>τήν</span> <span class='ocrx_word' id='word_1_211' title='bbox 477 2259 553 2333; x_wconf 83' lang='grc' dir='ltr'>χεῖρα</span> <span class='ocrx_word' id='word_1_212' title='bbox 564 2260 608 2312; x_wconf 80' lang='grc' dir='ltr'>τοῦ</span> <span class='ocrx_word' id='word_1_213' title='bbox 622 2253 749 2329; x_wconf 89' lang='grc' dir='ltr'>σώματος.</span> <span class='ocrx_word' id='word_1_214' title='bbox 795 2255 880 2316; x_wconf 85' lang='grc' dir='ltr'>Καλδν</span> <span class='ocrx_word' id='word_1_215' title='bbox 892 2247 945 2331; x_wconf 85' lang='grc' dir='ltr'>οὐν,</span> <span class='ocrx_word' id='word_1_216' title='bbox 956 2261 1027 2316; x_wconf 86' lang='grc' dir='ltr'>ἑταῖ·</span> 
     </span>
     <span class='ocr_line' id='line_1_23' title="bbox 254 2341 1029 2424; baseline 0.009 -29"><span class='ocrx_word' id='word_1_217' title='bbox 254 2369 266 2395; x_wconf 76' lang='grc' dir='ltr'>ι</span> <span class='ocrx_word' id='word_1_218' title='bbox 282 2365 336 2423; x_wconf 90' lang='grc' dir='ltr'>ροι,</span> <span class='ocrx_word' id='word_1_219' title='bbox 352 2342 438 2400; x_wconf 89' lang='grc' dir='ltr'>δίκαια</span> <span class='ocrx_word' id='word_1_220' title='bbox 460 2342 570 2422; x_wconf 84' lang='grc' dir='ltr'>ρρονεῖν,</span> <span class='ocrx_word' id='word_1_221' title='bbox 586 2341 631 2408; x_wconf 75' lang='grc' dir='ltr'>καί</span> <span class='ocrx_word' id='word_1_222' title='bbox 653 2341 690 2418; x_wconf 80' lang='grc' dir='ltr'>μὴ</span> <span class='ocrx_word' id='word_1_223' title='bbox 706 2344 761 2408; x_wconf 82' lang='grc' dir='ltr'>ταῖς</span> <span class='ocrx_word' id='word_1_224' title='bbox 775 2344 943 2424; x_wconf 78' lang='grc' dir='ltr'>ἀνθρωπίναις</span> <span class='ocrx_word' id='word_1_225' title='bbox 960 2368 1029 2420; x_wconf 90' lang='grc' dir='ltr'>συμ-</span> 
     </span>
     <span class='ocr_line' id='line_1_24' title="bbox 254 2428 1028 2510; baseline 0.006 -28"><span class='ocrx_word' id='word_1_226' title='bbox 254 2458 267 2482; x_wconf 77' lang='grc' dir='ltr'>ι</span> <span class='ocrx_word' id='word_1_227' title='bbox 283 2437 372 2510; x_wconf 75' lang='grc' dir='ltr'>φοραῖς</span> <span class='ocrx_word' id='word_1_228' title='bbox 387 2430 535 2509; x_wconf 87' lang='grc' dir='ltr'>προσθεῖναι</span> <span class='ocrx_word' id='word_1_229' title='bbox 550 2432 597 2500; x_wconf 81' lang='grc' dir='ltr'>τήν</span> <span class='ocrx_word' id='word_1_230' title='bbox 612 2432 646 2496; x_wconf 81' lang='grc' dir='ltr'>εἰς</span> <span class='ocrx_word' id='word_1_231' title='bbox 664 2429 707 2487; x_wconf 80' lang='grc' dir='ltr'>τὸν</span> <span class='ocrx_word' id='word_1_232' title='bbox 721 2428 846 2488; x_wconf 89' lang='grc' dir='ltr'>κτίσαντα</span> <span class='ocrx_word' id='word_1_233' title='bbox 869 2436 940 2508; x_wconf 82' lang='grc' dir='ltr'>ἡμᾶς</span> <span class='ocrx_word' id='word_1_234' title='bbox 966 2433 1028 2489; x_wconf 83' lang='grc' dir='ltr'>δυσ·</span> 
     </span>
     <span class='ocr_line' id='line_1_25' title="bbox 254 2514 1029 2598; baseline 0.009 -29"><span class='ocrx_word' id='word_1_235' title='bbox 254 2543 266 2569; x_wconf 72' lang='grc' dir='ltr'>ι</span> <span class='ocrx_word' id='word_1_236' title='bbox 281 2514 395 2576; x_wconf 80' lang='grc' dir='ltr'>αέόειαν.</span> <span class='ocrx_word' id='word_1_237' title='bbox 417 2517 451 2576; x_wconf 77' lang='grc' dir='ltr'>Εὐ</span> <span class='ocrx_word' id='word_1_238' title='bbox 463 2515 589 2584; x_wconf 80' lang='grc' dir='ltr'>σώζεσθαι</span> <span class='ocrx_word' id='word_1_239' title='bbox 601 2518 682 2588; x_wconf 84' lang='grc' dir='ltr'>δοκεῖ,</span> <span class='ocrx_word' id='word_1_240' title='bbox 697 2516 853 2594; x_wconf 81' lang='grc' dir='ltr'>σωζώμεθα·</span> <span class='ocrx_word' id='word_1_241' title='bbox 867 2518 971 2598; x_wconf 76' lang='grc' dir='ltr'>καὶγὰρ</span> <span class='ocrx_word' id='word_1_242' title='bbox 984 2521 1029 2576; x_wconf 92' lang='grc' dir='ltr'>οὐκ</span> 
     </span>
    </p>

    <p class='ocr_par' dir='ltr' id='par_1_8' title="bbox 202 2594 1028 2767">
     <span class='ocr_line' id='line_1_26' title="bbox 202 2594 1028 2681; baseline 0.002 -22"><span class='ocrx_word' id='word_1_243' title='bbox 202 2623 206 2630; x_wconf 85' lang='grc'>’</span> <span class='ocrx_word' id='word_1_244' title='bbox 257 2629 269 2654; x_wconf 80' lang='grc' dir='ltr'>α</span> <span class='ocrx_word' id='word_1_245' title='bbox 285 2601 372 2670; x_wconf 78' lang='grc' dir='ltr'>ἄδοξος</span> <span class='ocrx_word' id='word_1_246' title='bbox 385 2606 402 2672; x_wconf 74' lang='grc' dir='ltr'>ἡ</span> <span class='ocrx_word' id='word_1_247' title='bbox 415 2601 547 2680; x_wconf 89' lang='grc' dir='ltr'>σωτηρία,</span> <span class='ocrx_word' id='word_1_248' title='bbox 562 2606 624 2681; x_wconf 85' lang='grc' dir='ltr'>παρ’</span> <span class='ocrx_word' id='word_1_249' title='bbox 638 2594 674 2670; x_wconf 78' lang='grc' dir='ltr'>οἷς</span> <span class='ocrx_word' id='word_1_250' title='bbox 684 2603 727 2661; x_wconf 80' lang='grc' dir='ltr'>διδ</span> <span class='ocrx_word' id='word_1_251' title='bbox 739 2603 866 2662; x_wconf 81' lang='grc' dir='ltr'>τοσούτων</span> <span class='ocrx_word' id='word_1_252' title='bbox 877 2602 959 2681; x_wconf 80' lang='grc' dir='ltr'>ἔργων</span> <span class='ocrx_word' id='word_1_253' title='bbox 969 2607 1028 2662; x_wconf 79' lang='grc' dir='ltr'>ε’πε·</span> 
     </span>
     <span class='ocr_line' id='line_1_27' title="bbox 214 2688 1027 2767; baseline -0.001 -19"><span class='ocrx_word' id='word_1_254' title='bbox 214 2719 241 2756; x_wconf 68' lang='lat' dir='ltr'>aa</span> <span class='ocrx_word' id='word_1_255' title='bbox 255 2716 267 2740; x_wconf 83' lang='grc' dir='ltr'>ι</span> <span class='ocrx_word' id='word_1_256' title='bbox 281 2689 418 2764; x_wconf 77' lang='grc' dir='ltr'>δειξάμεθα</span> <span class='ocrx_word' id='word_1_257' title='bbox 435 2688 481 2754; x_wconf 75' lang='grc' dir='ltr'>τὰς</span> <span class='ocrx_word' id='word_1_258' title='bbox 504 2688 612 2767; x_wconf 83' lang='grc' dir='ltr'>ι’τρετάς’</span> <span class='ocrx_word' id='word_1_259' title='bbox 630 2693 652 2746; x_wconf 85' lang='grc' dir='ltr'>εἶ</span> <span class='ocrx_word' id='word_1_260' title='bbox 665 2690 797 2760; x_wconf 81' lang='grc' dir='ltr'>τεθνάναι,</span> <span class='ocrx_word' id='word_1_261' title='bbox 818 2688 898 2746; x_wconf 80' lang='grc' dir='ltr'>καλὸν</span> <span class='ocrx_word' id='word_1_262' title='bbox 914 2689 964 2747; x_wconf 80' lang='grc' dir='ltr'>ὑπὸ</span> <span class='ocrx_word' id='word_1_263' title='bbox 978 2694 1027 2747; x_wconf 87' lang='grc' dir='ltr'>τῶν</span> 
     </span>
    </p>

    <p class='ocr_par' dir='ltr' id='par_1_9' title="bbox 229 2774 1031 3026">
     <span class='ocr_line' id='line_1_28' title="bbox 229 2774 1027 2853; baseline 0 -19"><span class='ocrx_word' id='word_1_264' title='bbox 229 2827 236 2842; x_wconf 79' lang='grc'>,</span> <span class='ocrx_word' id='word_1_265' title='bbox 255 2804 266 2827; x_wconf 85' lang='grc' dir='ltr'>ι</span> <span class='ocrx_word' id='word_1_266' title='bbox 282 2775 400 2835; x_wconf 85' lang='grc' dir='ltr'>έλόντων.</span> <span class='ocrx_word' id='word_1_267' title='bbox 443 2777 484 2834; x_wconf 89' lang='grc' dir='ltr'>Οὐ</span> <span class='ocrx_word' id='word_1_268' title='bbox 500 2774 683 2851; x_wconf 79' lang='grc' dir='ltr'>μεταθήσομαι</span> <span class='ocrx_word' id='word_1_269' title='bbox 695 2778 718 2833; x_wconf 81' lang='grc' dir='ltr'>δ’</span> <span class='ocrx_word' id='word_1_270' title='bbox 734 2775 786 2853; x_wconf 79' lang='grc' dir='ltr'>ἐγὼ</span> <span class='ocrx_word' id='word_1_271' title='bbox 800 2777 834 2842; x_wconf 86' lang='grc' dir='ltr'>εἷς</span> <span class='ocrx_word' id='word_1_272' title='bbox 848 2775 894 2844; x_wconf 74' lang='grc' dir='ltr'>τὴν</span> <span class='ocrx_word' id='word_1_273' title='bbox 910 2780 961 2849; x_wconf 88' lang='grc' dir='ltr'>τῶν</span> <span class='ocrx_word' id='word_1_274' title='bbox 980 2800 1027 2834; x_wconf 87' lang='grc' dir='ltr'>πο·</span> 
     </span>
     <span class='ocr_line' id='line_1_29' title="bbox 255 2859 1029 2940; baseline 0.003 -21"><span class='ocrx_word' id='word_1_275' title='bbox 255 2887 268 2911; x_wconf 81' lang='lat'>«</span> <span class='ocrx_word' id='word_1_276' title='bbox 277 2859 377 2936; x_wconf 89' lang='grc' dir='ltr'>λεμίων</span> <span class='ocrx_word' id='word_1_277' title='bbox 388 2859 469 2931; x_wconf 82' lang='grc' dir='ltr'>τάξιν,</span> <span class='ocrx_word' id='word_1_278' title='bbox 480 2859 524 2917; x_wconf 83' lang='grc' dir='ltr'>ἵνα</span> <span class='ocrx_word' id='word_1_279' title='bbox 540 2862 652 2936; x_wconf 80' lang='grc' dir='ltr'>ἐμαυτοῦ</span> <span class='ocrx_word' id='word_1_280' title='bbox 669 2861 796 2940; x_wconf 76' lang='grc' dir='ltr'>προδότης</span> <span class='ocrx_word' id='word_1_281' title='bbox 810 2860 933 2938; x_wconf 82' lang='grc' dir='ltr'>γένωμαι.</span> <span class='ocrx_word' id='word_1_282' title='bbox 975 2863 1029 2922; x_wconf 84' lang='grc' dir='ltr'>Καί</span> 
     </span>
     <span class='ocr_line' id='line_1_30' title="bbox 255 2945 1031 3026; baseline 0.012 -28"><span class='ocrx_word' id='word_1_283' title='bbox 255 2974 267 2998; x_wconf 70' lang='grc' dir='ltr'>α</span> <span class='ocrx_word' id='word_1_284' title='bbox 283 2945 332 3025; x_wconf 78' lang='grc' dir='ltr'>γὰρ</span> <span class='ocrx_word' id='word_1_285' title='bbox 342 2945 374 3004; x_wconf 83' lang='grc' dir='ltr'>διν</span> <span class='ocrx_word' id='word_1_286' title='bbox 385 2945 439 3016; x_wconf 84' lang='grc' dir='ltr'>είην</span> <span class='ocrx_word' id='word_1_287' title='bbox 453 2945 519 3003; x_wconf 80' lang='grc' dir='ltr'>πολὺ</span> <span class='ocrx_word' id='word_1_288' title='bbox 530 2950 581 3002; x_wconf 90' lang='grc' dir='ltr'>τῶν</span> <span class='ocrx_word' id='word_1_289' title='bbox 594 2947 804 3024; x_wconf 83' lang='grc' dir='ltr'>αὐτομολούντων</span> <span class='ocrx_word' id='word_1_290' title='bbox 817 2947 880 3026; x_wconf 81' lang='grc' dir='ltr'>πρὸς</span> <span class='ocrx_word' id='word_1_291' title='bbox 890 2947 947 3015; x_wconf 81' lang='grc' dir='ltr'>τούς</span> <span class='ocrx_word' id='word_1_292' title='bbox 956 2951 1031 3007; x_wconf 84' lang='grc' dir='ltr'>πολε·</span> 
     </span>
    </p>

    <p class='ocr_par' dir='ltr' id='par_1_10' title="bbox 196 3032 1031 3115">
     <span class='ocr_line' id='line_1_31' title="bbox 196 3032 1031 3115; baseline 0.011 -30"><span class='ocrx_word' id='word_1_293' title='bbox 196 3095 203 3110; x_wconf 31' lang='grc' dir='ltr'>ι</span> <span class='ocrx_word' id='word_1_294' title='bbox 256 3059 269 3085; x_wconf 77' lang='grc' dir='ltr'>α</span> <span class='ocrx_word' id='word_1_295' title='bbox 281 3032 354 3109; x_wconf 90' lang='grc' dir='ltr'>μίους</span> <span class='ocrx_word' id='word_1_296' title='bbox 362 3034 538 3111; x_wconf 86' lang='grc' dir='ltr'>ἠλιθιώτερος,</span> <span class='ocrx_word' id='word_1_297' title='bbox 548 3032 573 3091; x_wconf 90' lang='grc' dir='ltr'>εἴ</span> <span class='ocrx_word' id='word_1_298' title='bbox 581 3057 610 3109; x_wconf 89' lang='grc' dir='ltr'>γε</span> <span class='ocrx_word' id='word_1_299' title='bbox 622 3036 712 3092; x_wconf 78' lang='grc' dir='ltr'>ἐκεῖνοι</span> <span class='ocrx_word' id='word_1_300' title='bbox 721 3033 768 3111; x_wconf 86' lang='grc' dir='ltr'>μὲν</span> <span class='ocrx_word' id='word_1_301' title='bbox 779 3034 821 3093; x_wconf 80' lang='grc' dir='ltr'>ἐπί</span> <span class='ocrx_word' id='word_1_302' title='bbox 829 3033 945 3115; x_wconf 71' lang='grc' dir='ltr'>σωτηρία</span> <span class='ocrx_word' id='word_1_303' title='bbox 955 3035 1031 3094; x_wconf 82' lang='grc' dir='ltr'>τοῦτο</span> 
     </span>
    </p>

    <p class='ocr_par' dir='ltr' id='par_1_11' title="bbox 215 3115 1030 3543">
     <span class='ocr_line' id='line_1_32' title="bbox 215 3115 1027 3201; baseline 0.015 -32"><span class='ocrx_word' id='word_1_304' title='bbox 215 3152 243 3188; x_wconf 63' lang='grc' dir='ltr'>ρ,</span> <span class='ocrx_word' id='word_1_305' title='bbox 256 3148 268 3170; x_wconf 69' lang='grc' dir='ltr'>ι</span> <span class='ocrx_word' id='word_1_306' title='bbox 281 3119 447 3196; x_wconf 89' lang='grc' dir='ltr'>πράττουσιν,</span> <span class='ocrx_word' id='word_1_307' title='bbox 460 3115 511 3194; x_wconf 82' lang='grc' dir='ltr'>ἐγὼ</span> <span class='ocrx_word' id='word_1_308' title='bbox 520 3118 544 3175; x_wconf 89' lang='grc' dir='ltr'>δ’</span> <span class='ocrx_word' id='word_1_309' title='bbox 556 3118 597 3176; x_wconf 81' lang='grc' dir='ltr'>ἐπ’</span> <span class='ocrx_word' id='word_1_310' title='bbox 611 3119 743 3199; x_wconf 76' lang='grc' dir='ltr'>ἀπωλείᾳ,</span> <span class='ocrx_word' id='word_1_311' title='bbox 755 3121 800 3179; x_wconf 89' lang='grc' dir='ltr'>καί</span> <span class='ocrx_word' id='word_1_312' title='bbox 814 3144 843 3200; x_wconf 89' lang='grc' dir='ltr'>γε</span> <span class='ocrx_word' id='word_1_313' title='bbox 857 3127 890 3201; x_wconf 82' lang='grc' dir='ltr'>τῇ</span> <span class='ocrx_word' id='word_1_314' title='bbox 903 3125 1027 3198; x_wconf 82' lang='grc' dir='ltr'>ἐμαυτοῦ.</span> 
     </span>
     <span class='ocr_line' id='line_1_33' title="bbox 256 3203 1029 3289; baseline 0.009 -30"><span class='ocrx_word' id='word_1_315' title='bbox 256 3233 269 3259; x_wconf 76' lang='grc' dir='ltr'>α</span> <span class='ocrx_word' id='word_1_316' title='bbox 283 3204 339 3277; x_wconf 77' lang='grc' dir='ltr'>Τὴν</span> <span class='ocrx_word' id='word_1_317' title='bbox 351 3203 438 3281; x_wconf 88' lang='grc' dir='ltr'>μέντοι</span> <span class='ocrx_word' id='word_1_318' title='bbox 453 3203 593 3280; x_wconf 83' lang='grc' dir='ltr'>Ῥωμαίων</span> <span class='ocrx_word' id='word_1_319' title='bbox 608 3207 710 3286; x_wconf 78' lang='grc' dir='ltr'>ἐνέδραν</span> <span class='ocrx_word' id='word_1_320' title='bbox 723 3206 883 3287; x_wconf 81' lang='grc' dir='ltr'>ἐπεύχομαι·</span> <span class='ocrx_word' id='word_1_321' title='bbox 901 3209 967 3284; x_wconf 75' lang='grc' dir='ltr'>μετὰ</span> <span class='ocrx_word' id='word_1_322' title='bbox 978 3209 1029 3289; x_wconf 81' lang='grc' dir='ltr'>γὰρ</span> 
     </span>
     <span class='ocr_line' id='line_1_34' title="bbox 258 3289 1030 3373; baseline 0.013 -29"><span class='ocrx_word' id='word_1_323' title='bbox 258 3320 269 3344; x_wconf 73' lang='lat' dir='ltr'>a</span> <span class='ocrx_word' id='word_1_324' title='bbox 285 3290 368 3358; x_wconf 78' lang='grc' dir='ltr'>δεξιάν</span> <span class='ocrx_word' id='word_1_325' title='bbox 383 3289 564 3370; x_wconf 82' lang='grc' dir='ltr'>ἀναιρούμενος</span> <span class='ocrx_word' id='word_1_326' title='bbox 580 3292 622 3348; x_wconf 89' lang='grc' dir='ltr'>ὐπ’</span> <span class='ocrx_word' id='word_1_327' title='bbox 636 3297 729 3365; x_wconf 86' lang='grc' dir='ltr'>αὐτῶν,</span> <span class='ocrx_word' id='word_1_328' title='bbox 741 3295 857 3371; x_wconf 81' lang='grc' dir='ltr'>εὐθύμως</span> <span class='ocrx_word' id='word_1_329' title='bbox 868 3295 1030 3373; x_wconf 73' lang='grc' dir='ltr'>τεθνήξομαι,</span> 
     </span>
     <span class='ocr_line' id='line_1_35' title="bbox 257 3371 1029 3464; baseline 0.006 -28"><span class='ocrx_word' id='word_1_330' title='bbox 257 3407 268 3428; x_wconf 73' lang='grc' dir='ltr'>ι</span> <span class='ocrx_word' id='word_1_331' title='bbox 281 3371 390 3448; x_wconf 76' lang='grc' dir='ltr'>τὴντῶν</span> <span class='ocrx_word' id='word_1_332' title='bbox 402 3377 570 3457; x_wconf 78' lang='grc' dir='ltr'>ψευσαμένων</span> <span class='ocrx_word' id='word_1_333' title='bbox 581 3381 704 3440; x_wconf 81' lang='grc' dir='ltr'>ἀπιστίαν</span> <span class='ocrx_word' id='word_1_334' title='bbox 713 3381 785 3452; x_wconf 85' lang='grc' dir='ltr'>νίκης</span> <span class='ocrx_word' id='word_1_335' title='bbox 796 3384 882 3458; x_wconf 82' lang='grc' dir='ltr'>μιῖζον</span> <span class='ocrx_word' id='word_1_336' title='bbox 894 3384 1029 3464; x_wconf 83' lang='grc' dir='ltr'>άπορέρων</span> 
     </span>
     <span class='ocr_line' id='line_1_36' title="bbox 256 3465 485 3543; baseline 0 -21"><span class='ocrx_word' id='word_1_337' title='bbox 256 3493 267 3517; x_wconf 81' lang='grc' dir='ltr'>ι</span> <span class='ocrx_word' id='word_1_338' title='bbox 285 3465 457 3543; x_wconf 82' lang='grc' dir='ltr'>παραμύθιον.</span> <span class='ocrx_word' id='word_1_339' title='bbox 474 3492 485 3516; x_wconf 77' lang='grc' dir='ltr'>ι</span> 
     </span>
    </p>

    <p class='ocr_par' dir='ltr' id='par_1_12' title="bbox 216 3550 1030 3632">
     <span class='ocr_line' id='line_1_37' title="bbox 216 3550 1030 3632; baseline 0.004 -23"><span class='ocrx_word' id='word_1_340' title='bbox 216 3581 242 3618; x_wconf 64' lang='lat' dir='ltr'>aa</span> <span class='ocrx_word' id='word_1_341' title='bbox 294 3551 387 3627; x_wconf 64' lang='lat' dir='ltr'><strong>(KG.)</strong></span> <span class='ocrx_word' id='word_1_342' title='bbox 397 3551 433 3616; x_wconf 80' lang='grc' dir='ltr'>τ’.</span> <span class='ocrx_word' id='word_1_343' title='bbox 445 3550 479 3609; x_wconf 86' lang='lat'>‘0</span> <span class='ocrx_word' id='word_1_344' title='bbox 487 3551 534 3626; x_wconf 82' lang='grc' dir='ltr'>μὲν</span> <span class='ocrx_word' id='word_1_345' title='bbox 542 3552 668 3622; x_wconf 86' lang='grc' dir='ltr'>Ἰώσηπος</span> <span class='ocrx_word' id='word_1_346' title='bbox 677 3552 762 3610; x_wconf 77' lang='grc' dir='ltr'>πολλὰ</span> <span class='ocrx_word' id='word_1_347' title='bbox 771 3560 876 3611; x_wconf 82' lang='grc' dir='ltr'>τοιαῦτα</span> <span class='ocrx_word' id='word_1_348' title='bbox 886 3554 949 3632; x_wconf 83' lang='grc' dir='ltr'>πρὸς</span> <span class='ocrx_word' id='word_1_349' title='bbox 962 3557 1030 3612; x_wconf 84' lang='grc' dir='ltr'>ἀπο-</span> 
     </span>
    </p>
   </div>
   <div class='ocr_carea' id='block_1_5' title="bbox 257 3637 1032 3720">
    <p class='ocr_par' dir='ltr' id='par_1_13' title="bbox 257 3637 1032 3720">
     <span class='ocr_line' id='line_1_38' title="bbox 257 3637 1032 3720; baseline 0.004 -24"><span class='ocrx_word' id='word_1_350' title='bbox 257 3637 355 3717; x_wconf 76' lang='grc' dir='ltr'>τροπήν</span> <span class='ocrx_word' id='word_1_351' title='bbox 363 3642 410 3707; x_wconf 74' lang='grc' dir='ltr'>τῆς</span> <span class='ocrx_word' id='word_1_352' title='bbox 421 3639 582 3716; x_wconf 80' lang='grc' dir='ltr'>αὐτοχειρίας</span> <span class='ocrx_word' id='word_1_353' title='bbox 592 3639 686 3715; x_wconf 82' lang='grc' dir='ltr'>ἔλεγεν.</span> <span class='ocrx_word' id='word_1_354' title='bbox 695 3641 730 3698; x_wconf 85' lang='lat' dir='ltr'>Oi</span> <span class='ocrx_word' id='word_1_355' title='bbox 740 3637 767 3696; x_wconf 77' lang='grc' dir='ltr'>δὲ</span> <span class='ocrx_word' id='word_1_356' title='bbox 774 3641 955 3720; x_wconf 69' lang='grc' dir='ltr'>πεφραγμένας</span> <span class='ocrx_word' id='word_1_357' title='bbox 967 3643 1032 3699; x_wconf 76' lang='lat' dir='ltr'>airao-</span> 
     </span>
    </p>
   </div>
   <div class='ocr_carea' id='block_1_6' title="bbox 1074 985 1883 3706">
    <p class='ocr_par' dir='ltr' id='par_1_14' title="bbox 1074 985 1883 3536">
     <span class='ocr_line' id='line_1_39' title="bbox 1076 985 1850 1052; baseline 0.021 -25"><span class='ocrx_word' id='word_1_358' title='bbox 1076 1005 1088 1027; x_wconf 73' lang='grc' dir='ltr'>σ</span> <span class='ocrx_word' id='word_1_359' title='bbox 1099 985 1205 1044; x_wconf 84' lang='lat' dir='ltr'>tirmoru,</span> <span class='ocrx_word' id='word_1_360' title='bbox 1217 999 1288 1046; x_wconf 87' lang='lat' dir='ltr'>puras</span> <span class='ocrx_word' id='word_1_361' title='bbox 1301 991 1380 1036; x_wconf 82' lang='lat' dir='ltr'>nutem</span> <span class='ocrx_word' id='word_1_362' title='bbox 1391 994 1415 1036; x_wconf 89' lang='lat' dir='ltr'>et</span> <span class='ocrx_word' id='word_1_363' title='bbox 1423 988 1487 1038; x_wconf 87' lang='lat' dir='ltr'>diclo</span> <span class='ocrx_word' id='word_1_364' title='bbox 1501 989 1636 1038; x_wconf 77' lang='lat' dir='ltr'>audientes</span> <span class='ocrx_word' id='word_1_365' title='bbox 1647 991 1741 1039; x_wconf 87' lang='lat' dir='ltr'>animas</span> <span class='ocrx_word' id='word_1_366' title='bbox 1754 1006 1850 1052; x_wconf 76' lang='lat' dir='ltr'>manee,</span> 
     </span>
     <span class='ocr_line' id='line_1_40' title="bbox 1076 1076 1851 1148; baseline 0.013 -25"><span class='ocrx_word' id='word_1_367' title='bbox 1076 1096 1088 1118; x_wconf 75' lang='lat' dir='ltr'>a</span> <span class='ocrx_word' id='word_1_368' title='bbox 1101 1076 1179 1124; x_wconf 86' lang='lat' dir='ltr'>locum</span> <span class='ocrx_word' id='word_1_369' title='bbox 1189 1077 1213 1125; x_wconf 92' lang='lat' dir='ltr'>iu</span> <span class='ocrx_word' id='word_1_370' title='bbox 1222 1077 1281 1126; x_wconf 76' lang='lat' dir='ltr'>caelo</span> <span class='ocrx_word' id='word_1_371' title='bbox 1291 1078 1412 1128; x_wconf 83' lang='lat' dir='ltr'>habituras</span> <span class='ocrx_word' id='word_1_372' title='bbox 1422 1081 1622 1141; x_wconf 77' lang='lat' dir='ltr'>saucbssimum,</span> <span class='ocrx_word' id='word_1_373' title='bbox 1637 1081 1702 1132; x_wconf 88' lang='lat' dir='ltr'>uude</span> <span class='ocrx_word' id='word_1_374' title='bbox 1716 1097 1805 1133; x_wconf 87' lang='lat' dir='ltr'>rursum</span> <span class='ocrx_word' id='word_1_375' title='bbox 1817 1101 1851 1148; x_wconf 91' lang='lat' dir='ltr'>per</span> 
     </span>
     <span class='ocr_line' id='line_1_41' title="bbox 1076 1168 1850 1232; baseline 0.014 -18"><span class='ocrx_word' id='word_1_376' title='bbox 1076 1185 1087 1207; x_wconf 75' lang='lat' dir='ltr'>a</span> <span class='ocrx_word' id='word_1_377' title='bbox 1100 1168 1244 1217; x_wconf 71' lang='lat' dir='ltr'>saeculorum</span> <span class='ocrx_word' id='word_1_378' title='bbox 1254 1169 1334 1230; x_wconf 87' lang='lat' dir='ltr'>lapsus</span> <span class='ocrx_word' id='word_1_379' title='bbox 1345 1170 1376 1218; x_wconf 82' lang='lat' dir='ltr'>ad</span> <span class='ocrx_word' id='word_1_380' title='bbox 1385 1183 1485 1232; x_wconf 86' lang='lat' dir='ltr'>corpora</span> <span class='ocrx_word' id='word_1_381' title='bbox 1494 1171 1592 1220; x_wconf 83' lang='lat' dir='ltr'>uruuda</span> <span class='ocrx_word' id='word_1_382' title='bbox 1603 1173 1760 1223; x_wconf 84' lang='lat' dir='ltr'>inhabitanda</span> <span class='ocrx_word' id='word_1_383' title='bbox 1769 1177 1850 1224; x_wconf 78' lang='lat' dir='ltr'>mitten</span> 
     </span>
     <span class='ocr_line' id='line_1_42' title="bbox 1075 1263 1846 1327; baseline 0.014 -20"><span class='ocrx_word' id='word_1_384' title='bbox 1075 1279 1086 1301; x_wconf 74' lang='grc' dir='ltr'>ιι</span> <span class='ocrx_word' id='word_1_385' title='bbox 1101 1266 1138 1308; x_wconf 92' lang='lat' dir='ltr'>tur</span> <span class='ocrx_word' id='word_1_386' title='bbox 1152 1276 1157 1307; x_wconf 94' lang='lat'>:</span> <span class='ocrx_word' id='word_1_387' title='bbox 1171 1274 1273 1322; x_wconf 85' lang='lat' dir='ltr'>qnorum</span> <span class='ocrx_word' id='word_1_388' title='bbox 1286 1275 1341 1310; x_wconf 85' lang='lat' dir='ltr'>vero</span> <span class='ocrx_word' id='word_1_389' title='bbox 1352 1275 1435 1310; x_wconf 83' lang='lat' dir='ltr'>monus</span> <span class='ocrx_word' id='word_1_390' title='bbox 1445 1263 1469 1311; x_wconf 94' lang='lat' dir='ltr'>iu</span> <span class='ocrx_word' id='word_1_391' title='bbox 1480 1276 1506 1312; x_wconf 82' lang='lat' dir='ltr'>se</span> <span class='ocrx_word' id='word_1_392' title='bbox 1517 1263 1761 1327; x_wconf 83' lang='lat' dir='ltr'>ipscsiusaaierual,</span> <span class='ocrx_word' id='word_1_393' title='bbox 1774 1269 1846 1318; x_wconf 86' lang='lat' dir='ltr'>barura</span> 
     </span>
     <span class='ocr_line' id='line_1_43' title="bbox 1075 1352 1849 1422; baseline 0.013 -23"><span class='ocrx_word' id='word_1_394' title='bbox 1075 1352 1197 1414; x_wconf 71' lang='lat' dir='ltr'>equidem</span> <span class='ocrx_word' id='word_1_395' title='bbox 1212 1354 1302 1404; x_wconf 82' lang='lat' dir='ltr'>animes</span> <span class='ocrx_word' id='word_1_396' title='bbox 1317 1367 1387 1404; x_wconf 84' lang='lat' dir='ltr'>orcus</span> <span class='ocrx_word' id='word_1_397' title='bbox 1407 1356 1580 1406; x_wconf 84' lang='lat' dir='ltr'>tenebricosior</span> <span class='ocrx_word' id='word_1_398' title='bbox 1597 1358 1733 1420; x_wconf 76' lang='lat' dir='ltr'>suscipiet,</span> <span class='ocrx_word' id='word_1_399' title='bbox 1751 1363 1849 1422; x_wconf 85' lang='lat' dir='ltr'>paterque</span> 
     </span>
     <span class='ocr_line' id='line_1_44' title="bbox 1076 1446 1846 1514; baseline 0.009 -21"><span class='ocrx_word' id='word_1_400' title='bbox 1076 1464 1087 1488; x_wconf 74' lang='grc' dir='ltr'>«ι</span> <span class='ocrx_word' id='word_1_401' title='bbox 1099 1446 1194 1494; x_wconf 88' lang='lat' dir='ltr'>illorum</span> <span class='ocrx_word' id='word_1_402' title='bbox 1205 1449 1268 1496; x_wconf 84' lang='lat' dir='ltr'>Deus</span> <span class='ocrx_word' id='word_1_403' title='bbox 1276 1448 1369 1510; x_wconf 86' lang='lat' dir='ltr'>culpam</span> <span class='ocrx_word' id='word_1_404' title='bbox 1379 1461 1474 1510; x_wconf 80' lang='lat' dir='ltr'>aarum,</span> <span class='ocrx_word' id='word_1_405' title='bbox 1484 1451 1527 1512; x_wconf 85' lang='lat' dir='ltr'>qni</span> <span class='ocrx_word' id='word_1_406' title='bbox 1538 1449 1717 1500; x_wconf 85' lang='lat' dir='ltr'>inalterutraaa</span> <span class='ocrx_word' id='word_1_407' title='bbox 1728 1456 1811 1514; x_wconf 82' lang='lat' dir='ltr'>partem</span> <span class='ocrx_word' id='word_1_408' title='bbox 1819 1455 1846 1500; x_wconf 90' lang='lat' dir='ltr'>iu-</span> 
     </span>
     <span class='ocr_line' id='line_1_45' title="bbox 1075 1539 1847 1606; baseline 0.008 -20"><span class='ocrx_word' id='word_1_409' title='bbox 1075 1558 1086 1580; x_wconf 79' lang='grc' dir='ltr'>ο</span> <span class='ocrx_word' id='word_1_410' title='bbox 1095 1539 1179 1601; x_wconf 81' lang='lat' dir='ltr'>juriosi</span> <span class='ocrx_word' id='word_1_411' title='bbox 1190 1541 1289 1600; x_wconf 80' lang='lat' dir='ltr'>inerint,</span> <span class='ocrx_word' id='word_1_412' title='bbox 1301 1541 1325 1590; x_wconf 92' lang='lat' dir='ltr'>iu</span> <span class='ocrx_word' id='word_1_413' title='bbox 1336 1541 1422 1590; x_wconf 87' lang='lat' dir='ltr'>liberos</span> <span class='ocrx_word' id='word_1_414' title='bbox 1431 1548 1603 1606; x_wconf 83' lang='lat' dir='ltr'>persequetur.</span> <span class='ocrx_word' id='word_1_415' title='bbox 1622 1547 1687 1594; x_wconf 88' lang='lat' dir='ltr'>lliuc</span> <span class='ocrx_word' id='word_1_416' title='bbox 1699 1549 1749 1594; x_wconf 84' lang='lat' dir='ltr'>Deo</span> <span class='ocrx_word' id='word_1_417' title='bbox 1758 1545 1847 1594; x_wconf 85' lang='lat' dir='ltr'>inrisum</span> 
     </span>
     <span class='ocr_line' id='line_1_46' title="bbox 1074 1633 1846 1699; baseline 0.005 -19"><span class='ocrx_word' id='word_1_418' title='bbox 1074 1649 1087 1674; x_wconf 79' lang='grc' dir='ltr'>ι</span> <span class='ocrx_word' id='word_1_419' title='bbox 1099 1633 1143 1680; x_wconf 88' lang='lat' dir='ltr'>boc</span> <span class='ocrx_word' id='word_1_420' title='bbox 1159 1634 1196 1681; x_wconf 83' lang='lat' dir='ltr'>est</span> <span class='ocrx_word' id='word_1_421' title='bbox 1214 1636 1238 1681; x_wconf 87' lang='lat' dir='ltr'>el</span> <span class='ocrx_word' id='word_1_422' title='bbox 1254 1646 1268 1680; x_wconf 86' lang='lat' dir='ltr'>a</span> <span class='ocrx_word' id='word_1_423' title='bbox 1286 1633 1460 1694; x_wconf 83' lang='lat' dir='ltr'>sapientissimo</span> <span class='ocrx_word' id='word_1_424' title='bbox 1468 1635 1611 1696; x_wconf 80' lang='lat' dir='ltr'>legislatore</span> <span class='ocrx_word' id='word_1_425' title='bbox 1623 1649 1697 1699; x_wconf 79' lang='lat' dir='ltr'>paura</span> <span class='ocrx_word' id='word_1_426' title='bbox 1710 1636 1732 1686; x_wconf 90' lang='lat' dir='ltr'>ei</span> <span class='ocrx_word' id='word_1_427' title='bbox 1741 1638 1846 1685; x_wconf 83' lang='lat' dir='ltr'>statuitur.</span> 
     </span>
     <span class='ocr_line' id='line_1_47' title="bbox 1075 1725 1845 1792; baseline 0.005 -19"><span class='ocrx_word' id='word_1_428' title='bbox 1075 1743 1086 1768; x_wconf 81' lang='grc' dir='ltr'>ι</span> <span class='ocrx_word' id='word_1_429' title='bbox 1099 1725 1192 1788; x_wconf 86' lang='lat' dir='ltr'>Quippe</span> <span class='ocrx_word' id='word_1_430' title='bbox 1209 1725 1271 1788; x_wconf 87' lang='lat' dir='ltr'>apud</span> <span class='ocrx_word' id='word_1_431' title='bbox 1286 1739 1328 1774; x_wconf 87' lang='lat' dir='ltr'>nos</span> <span class='ocrx_word' id='word_1_432' title='bbox 1341 1727 1437 1789; x_wconf 87' lang='lat' dir='ltr'>quidem</span> <span class='ocrx_word' id='word_1_433' title='bbox 1447 1729 1569 1779; x_wconf 66' lang='lat' dir='ltr'>maroilum</span> <span class='ocrx_word' id='word_1_434' title='bbox 1587 1735 1629 1779; x_wconf 86' lang='lat' dir='ltr'>est</span> <span class='ocrx_word' id='word_1_435' title='bbox 1648 1735 1676 1778; x_wconf 94' lang='lat' dir='ltr'>ut</span> <span class='ocrx_word' id='word_1_436' title='bbox 1697 1730 1739 1792; x_wconf 80' lang='lat' dir='ltr'>qui</span> <span class='ocrx_word' id='word_1_437' title='bbox 1753 1743 1777 1778; x_wconf 86' lang='grc' dir='ltr'>σε</span> <span class='ocrx_word' id='word_1_438' title='bbox 1792 1730 1845 1790; x_wconf 81' lang='lat' dir='ltr'>ipsos</span> 
     </span>
     <span class='ocr_line' id='line_1_48' title="bbox 1077 1817 1883 1883; baseline 0.002 -17"><span class='ocrx_word' id='word_1_439' title='bbox 1077 1835 1089 1858; x_wconf 79' lang='grc' dir='ltr'>ι</span> <span class='ocrx_word' id='word_1_440' title='bbox 1099 1817 1229 1866; x_wconf 84' lang='lat' dir='ltr'>occiderint</span> <span class='ocrx_word' id='word_1_441' title='bbox 1246 1818 1276 1866; x_wconf 88' lang='lat' dir='ltr'>ad</span> <span class='ocrx_word' id='word_1_442' title='bbox 1288 1819 1344 1868; x_wconf 88' lang='lat' dir='ltr'>solis</span> <span class='ocrx_word' id='word_1_443' title='bbox 1360 1833 1471 1869; x_wconf 79' lang='lat' dir='ltr'>oceasum</span> <span class='ocrx_word' id='word_1_444' title='bbox 1490 1821 1608 1883; x_wconf 81' lang='lat' dir='ltr'>insepulti</span> <span class='ocrx_word' id='word_1_445' title='bbox 1621 1822 1772 1882; x_wconf 81' lang='lat' dir='ltr'>abjiciantur,</span> <span class='ocrx_word' id='word_1_446' title='bbox 1784 1833 1846 1883; x_wconf 84' lang='lat' dir='ltr'>quaa·</span> <span class='ocrx_word' id='word_1_447' title='bbox 1882 1821 1883 1826; x_wconf 78' lang='grc'>’</span> 
     </span>
     <span class='ocr_line' id='line_1_49' title="bbox 1074 1911 1846 1976; baseline 0.004 -20"><span class='ocrx_word' id='word_1_448' title='bbox 1074 1927 1087 1950; x_wconf 75' lang='grc' dir='ltr'>ι</span> <span class='ocrx_word' id='word_1_449' title='bbox 1098 1922 1169 1970; x_wconf 79' lang='lat' dir='ltr'>quam</span> <span class='ocrx_word' id='word_1_450' title='bbox 1180 1913 1205 1959; x_wconf 87' lang='lat' dir='ltr'>et</span> <span class='ocrx_word' id='word_1_451' title='bbox 1215 1911 1294 1959; x_wconf 83' lang='lat' dir='ltr'>laostcs</span> <span class='ocrx_word' id='word_1_452' title='bbox 1303 1911 1401 1974; x_wconf 89' lang='lat' dir='ltr'>sepelire</span> <span class='ocrx_word' id='word_1_453' title='bbox 1418 1913 1452 1962; x_wconf 83' lang='lat' dir='ltr'>ias</span> <span class='ocrx_word' id='word_1_454' title='bbox 1469 1913 1617 1962; x_wconf 79' lang='lat' dir='ltr'>arbitremur</span> <span class='ocrx_word' id='word_1_455' title='bbox 1631 1927 1638 1960; x_wconf 90' lang='lat'>:</span> <span class='ocrx_word' id='word_1_456' title='bbox 1650 1913 1715 1976; x_wconf 85' lang='lat' dir='ltr'>apud</span> <span class='ocrx_word' id='word_1_457' title='bbox 1733 1915 1790 1962; x_wconf 81' lang='lat' dir='ltr'>elios</span> <span class='ocrx_word' id='word_1_458' title='bbox 1800 1925 1846 1960; x_wconf 81' lang='lat' dir='ltr'>rere</span> 
     </span>
     <span class='ocr_line' id='line_1_50' title="bbox 1075 2001 1883 2067; baseline 0.004 -18"><span class='ocrx_word' id='word_1_459' title='bbox 1075 2001 1216 2062; x_wconf 78' lang='lat' dir='ltr'>«ejnamodi</span> <span class='ocrx_word' id='word_1_460' title='bbox 1234 2004 1332 2052; x_wconf 85' lang='lat' dir='ltr'>mortuis</span> <span class='ocrx_word' id='word_1_461' title='bbox 1350 2005 1419 2052; x_wconf 85' lang='lat' dir='ltr'>etiam</span> <span class='ocrx_word' id='word_1_462' title='bbox 1438 2005 1548 2065; x_wconf 81' lang='lat' dir='ltr'>dextras,</span> <span class='ocrx_word' id='word_1_463' title='bbox 1570 2005 1665 2067; x_wconf 81' lang='lat' dir='ltr'>quibus</span> <span class='ocrx_word' id='word_1_464' title='bbox 1680 2009 1761 2055; x_wconf 85' lang='lat' dir='ltr'>contra</span> <span class='ocrx_word' id='word_1_465' title='bbox 1778 2018 1802 2054; x_wconf 87' lang='lat' dir='ltr'>se</span> <span class='ocrx_word' id='word_1_466' title='bbox 1816 2007 1844 2052; x_wconf 86' lang='lat' dir='ltr'>usi</span> <span class='ocrx_word' id='word_1_467' title='bbox 1882 2005 1883 2010; x_wconf 78' lang='grc'>’</span> 
     </span>
     <span class='ocr_line' id='line_1_51' title="bbox 1074 2097 1844 2161; baseline 0.003 -19"><span class='ocrx_word' id='word_1_468' title='bbox 1074 2113 1086 2136; x_wconf 79' lang='lat' dir='ltr'>r</span> <span class='ocrx_word' id='word_1_469' title='bbox 1100 2100 1170 2155; x_wconf 88' lang='lat' dir='ltr'>snat,</span> <span class='ocrx_word' id='word_1_470' title='bbox 1187 2099 1303 2158; x_wconf 88' lang='lat' dir='ltr'>amputari</span> <span class='ocrx_word' id='word_1_471' title='bbox 1324 2097 1461 2159; x_wconf 83' lang='lat' dir='ltr'>jusserunt,</span> <span class='ocrx_word' id='word_1_472' title='bbox 1484 2099 1696 2161; x_wconf 81' lang='lat' dir='ltr'>quemadmodum</span> <span class='ocrx_word' id='word_1_473' title='bbox 1720 2113 1801 2161; x_wconf 84' lang='lat' dir='ltr'>corpus</span> <span class='ocrx_word' id='word_1_474' title='bbox 1820 2099 1844 2144; x_wconf 89' lang='lat' dir='ltr'>ab</span> 
     </span>
     <span class='ocr_line' id='line_1_52' title="bbox 1075 2189 1844 2256; baseline 0 -19"><span class='ocrx_word' id='word_1_475' title='bbox 1075 2207 1087 2231; x_wconf 75' lang='grc' dir='ltr'>ι</span> <span class='ocrx_word' id='word_1_476' title='bbox 1100 2189 1190 2249; x_wconf 86' lang='lat' dir='ltr'>anima,</span> <span class='ocrx_word' id='word_1_477' title='bbox 1206 2191 1272 2240; x_wconf 89' lang='lat' dir='ltr'>itaet</span> <span class='ocrx_word' id='word_1_478' title='bbox 1284 2205 1380 2240; x_wconf 81' lang='lat' dir='ltr'>menum</span> <span class='ocrx_word' id='word_1_479' title='bbox 1397 2207 1411 2240; x_wconf 85' lang='lat' dir='ltr'>a</span> <span class='ocrx_word' id='word_1_480' title='bbox 1428 2207 1527 2255; x_wconf 91' lang='lat' dir='ltr'>corpore</span> <span class='ocrx_word' id='word_1_481' title='bbox 1548 2194 1658 2256; x_wconf 81' lang='lat' dir='ltr'>disjungi</span> <span class='ocrx_word' id='word_1_482' title='bbox 1677 2193 1761 2242; x_wconf 86' lang='lat' dir='ltr'>debere</span> <span class='ocrx_word' id='word_1_483' title='bbox 1777 2191 1844 2240; x_wconf 82' lang='lat' dir='ltr'>existi·</span> 
     </span>
     <span class='ocr_line' id='line_1_53' title="bbox 1074 2287 1844 2350; baseline 0.005 -19"><span class='ocrx_word' id='word_1_484' title='bbox 1074 2301 1086 2326; x_wconf 80' lang='grc' dir='ltr'>ιι</span> <span class='ocrx_word' id='word_1_485' title='bbox 1100 2289 1198 2333; x_wconf 85' lang='lat' dir='ltr'>arentes.</span> <span class='ocrx_word' id='word_1_486' title='bbox 1232 2287 1360 2334; x_wconf 82' lang='lat' dir='ltr'>Pulchrum</span> <span class='ocrx_word' id='word_1_487' title='bbox 1370 2287 1450 2349; x_wconf 84' lang='lat' dir='ltr'>igitur,</span> <span class='ocrx_word' id='word_1_488' title='bbox 1462 2301 1477 2337; x_wconf 94' lang='lat' dir='ltr'>o</span> <span class='ocrx_word' id='word_1_489' title='bbox 1491 2288 1565 2348; x_wconf 87' lang='lat' dir='ltr'>socii,</span> <span class='ocrx_word' id='word_1_490' title='bbox 1583 2287 1765 2350; x_wconf 70' lang='lat' dir='ltr'>inclamante,</span> <span class='ocrx_word' id='word_1_491' title='bbox 1780 2299 1844 2346; x_wconf 77' lang='lat' dir='ltr'>aeque</span> 
     </span>
     <span class='ocr_line' id='line_1_54' title="bbox 1074 2375 1839 2441; baseline -0.001 -19"><span class='ocrx_word' id='word_1_492' title='bbox 1074 2394 1086 2416; x_wconf 75' lang='lat' dir='ltr'>r</span> <span class='ocrx_word' id='word_1_493' title='bbox 1100 2375 1208 2424; x_wconf 81' lang='lat' dir='ltr'>tananauis</span> <span class='ocrx_word' id='word_1_494' title='bbox 1226 2377 1321 2426; x_wconf 84' lang='lat' dir='ltr'>casibus</span> <span class='ocrx_word' id='word_1_495' title='bbox 1341 2384 1365 2427; x_wconf 84' lang='lat' dir='ltr'>et</span> <span class='ocrx_word' id='word_1_496' title='bbox 1382 2379 1560 2429; x_wconf 80' lang='lat' dir='ltr'>solennitatibus</span> <span class='ocrx_word' id='word_1_497' title='bbox 1571 2379 1663 2428; x_wconf 78' lang='lat' dir='ltr'>addere</span> <span class='ocrx_word' id='word_1_498' title='bbox 1674 2379 1809 2441; x_wconf 80' lang='lat' dir='ltr'>impietatem</span> <span class='ocrx_word' id='word_1_499' title='bbox 1820 2377 1839 2421; x_wconf 88' lang='lat' dir='ltr'>ia</span> 
     </span>
     <span class='ocr_line' id='line_1_55' title="bbox 1074 2469 1842 2530; baseline -0.001 -17"><span class='ocrx_word' id='word_1_500' title='bbox 1074 2485 1086 2508; x_wconf 78' lang='lat' dir='ltr'>o</span> <span class='ocrx_word' id='word_1_501' title='bbox 1099 2473 1232 2516; x_wconf 83' lang='lat' dir='ltr'>creatorem</span> <span class='ocrx_word' id='word_1_502' title='bbox 1245 2473 1361 2516; x_wconf 76' lang='lat' dir='ltr'>incanum.</span> <span class='ocrx_word' id='word_1_503' title='bbox 1394 2473 1418 2518; x_wconf 86' lang='lat' dir='ltr'>Si</span> <span class='ocrx_word' id='word_1_504' title='bbox 1429 2469 1488 2518; x_wconf 83' lang='lat' dir='ltr'>selri</span> <span class='ocrx_word' id='word_1_505' title='bbox 1500 2471 1696 2530; x_wconf 79' lang='lat' dir='ltr'>essevolumus,</span> <span class='ocrx_word' id='word_1_506' title='bbox 1708 2473 1794 2517; x_wconf 78' lang='lat' dir='ltr'>uosmet</span> <span class='ocrx_word' id='word_1_507' title='bbox 1804 2479 1842 2513; x_wconf 82' lang='lat' dir='ltr'>ser·</span> 
     </span>
     <span class='ocr_line' id='line_1_56' title="bbox 1074 2557 1841 2618; baseline -0.004 -15"><span class='ocrx_word' id='word_1_508' title='bbox 1074 2575 1086 2598; x_wconf 70' lang='lat' dir='ltr'>a</span> <span class='ocrx_word' id='word_1_509' title='bbox 1098 2569 1180 2605; x_wconf 81' lang='lat' dir='ltr'>nemus</span> <span class='ocrx_word' id='word_1_510' title='bbox 1192 2558 1256 2618; x_wconf 80' lang='lat' dir='ltr'>(narn</span> <span class='ocrx_word' id='word_1_511' title='bbox 1265 2561 1289 2607; x_wconf 91' lang='lat' dir='ltr'>et</span> <span class='ocrx_word' id='word_1_512' title='bbox 1301 2558 1369 2607; x_wconf 87' lang='lat' dir='ltr'>uobis</span> <span class='ocrx_word' id='word_1_513' title='bbox 1381 2559 1443 2607; x_wconf 88' lang='lat' dir='ltr'>baud</span> <span class='ocrx_word' id='word_1_514' title='bbox 1458 2559 1568 2609; x_wconf 82' lang='lat' dir='ltr'>dedecori</span> <span class='ocrx_word' id='word_1_515' title='bbox 1581 2562 1621 2609; x_wconf 88' lang='lat' dir='ltr'>est</span> <span class='ocrx_word' id='word_1_516' title='bbox 1639 2559 1739 2608; x_wconf 76' lang='lat' dir='ltr'>suutun</span> <span class='ocrx_word' id='word_1_517' title='bbox 1755 2557 1796 2605; x_wconf 85' lang='lat' dir='ltr'>iliis</span> <span class='ocrx_word' id='word_1_518' title='bbox 1810 2567 1841 2601; x_wconf 86' lang='lat' dir='ltr'>ac·</span> 
     </span>
     <span class='ocr_line' id='line_1_57' title="bbox 1076 2647 1839 2711; baseline -0.007 -16"><span class='ocrx_word' id='word_1_519' title='bbox 1076 2665 1087 2688; x_wconf 78' lang='grc' dir='ltr'>ι</span> <span class='ocrx_word' id='word_1_520' title='bbox 1100 2652 1192 2709; x_wconf 87' lang='lat' dir='ltr'>ceptam</span> <span class='ocrx_word' id='word_1_521' title='bbox 1205 2648 1305 2709; x_wconf 81' lang='lat' dir='ltr'>reterre,</span> <span class='ocrx_word' id='word_1_522' title='bbox 1315 2649 1401 2711; x_wconf 87' lang='lat' dir='ltr'>quibus</span> <span class='ocrx_word' id='word_1_523' title='bbox 1412 2649 1524 2700; x_wconf 82' lang='lat' dir='ltr'>virtutem</span> <span class='ocrx_word' id='word_1_524' title='bbox 1541 2654 1578 2700; x_wconf 92' lang='lat' dir='ltr'>tot</span> <span class='ocrx_word' id='word_1_525' title='bbox 1596 2650 1740 2699; x_wconf 74' lang='lat' dir='ltr'>launaribus</span> <span class='ocrx_word' id='word_1_526' title='bbox 1758 2647 1839 2694; x_wconf 87' lang='lat' dir='ltr'>deuou-</span> 
     </span>
     <span class='ocr_line' id='line_1_58' title="bbox 1075 2737 1839 2803; baseline -0.001 -18"><span class='ocrx_word' id='word_1_527' title='bbox 1075 2755 1087 2778; x_wconf 81' lang='grc' dir='ltr'>ο</span> <span class='ocrx_word' id='word_1_528' title='bbox 1096 2741 1194 2786; x_wconf 84' lang='lat' dir='ltr'>stratam</span> <span class='ocrx_word' id='word_1_529' title='bbox 1202 2737 1318 2800; x_wconf 87' lang='lat' dir='ltr'>dedimus)</span> <span class='ocrx_word' id='word_1_530' title='bbox 1328 2753 1334 2786; x_wconf 85' lang='lat'>:</span> <span class='ocrx_word' id='word_1_531' title='bbox 1346 2739 1383 2787; x_wconf 85' lang='lat' dir='ltr'>ein</span> <span class='ocrx_word' id='word_1_532' title='bbox 1394 2740 1453 2788; x_wconf 87' lang='lat' dir='ltr'>mori</span> <span class='ocrx_word' id='word_1_533' title='bbox 1463 2740 1554 2802; x_wconf 82' lang='lat' dir='ltr'>placeat</span> <span class='ocrx_word' id='word_1_534' title='bbox 1560 2778 1569 2803; x_wconf 96' lang='lat'>,</span> <span class='ocrx_word' id='word_1_535' title='bbox 1577 2742 1609 2790; x_wconf 90' lang='lat' dir='ltr'>ab</span> <span class='ocrx_word' id='word_1_536' title='bbox 1620 2741 1658 2790; x_wconf 86' lang='lat' dir='ltr'>iris</span> <span class='ocrx_word' id='word_1_537' title='bbox 1666 2739 1739 2789; x_wconf 88' lang='lat' dir='ltr'>occidi</span> <span class='ocrx_word' id='word_1_538' title='bbox 1748 2737 1839 2800; x_wconf 80' lang='lat' dir='ltr'>partarum</span> 
     </span>
     <span class='ocr_line' id='line_1_59' title="bbox 1075 2823 1839 2892; baseline -0.01 -16"><span class='ocrx_word' id='word_1_539' title='bbox 1075 2829 1278 2890; x_wconf 70' lang='lat' dir='ltr'>«1cst,aquibua</span> <span class='ocrx_word' id='word_1_540' title='bbox 1298 2829 1361 2890; x_wconf 86' lang='lat' dir='ltr'>capti</span> <span class='ocrx_word' id='word_1_541' title='bbox 1384 2842 1475 2878; x_wconf 83' lang='lat' dir='ltr'>auarus.</span> <span class='ocrx_word' id='word_1_542' title='bbox 1509 2834 1557 2892; x_wconf 77' lang='lat' dir='ltr'>Ego</span> <span class='ocrx_word' id='word_1_543' title='bbox 1572 2843 1632 2879; x_wconf 81' lang='lat' dir='ltr'>reru</span> <span class='ocrx_word' id='word_1_544' title='bbox 1654 2830 1757 2879; x_wconf 75' lang='lat' dir='ltr'>testium</span> <span class='ocrx_word' id='word_1_545' title='bbox 1776 2823 1839 2872; x_wconf 85' lang='lat' dir='ltr'>ordiai</span> 
     </span>
     <span class='ocr_line' id='line_1_60' title="bbox 1074 2919 1838 2984; baseline -0.001 -22"><span class='ocrx_word' id='word_1_546' title='bbox 1074 2939 1086 2962; x_wconf 73' lang='lat' dir='ltr'>a</span> <span class='ocrx_word' id='word_1_547' title='bbox 1101 2931 1138 2967; x_wconf 89' lang='lat' dir='ltr'>me</span> <span class='ocrx_word' id='word_1_548' title='bbox 1151 2919 1252 2968; x_wconf 84' lang='lat' dir='ltr'>adscribi</span> <span class='ocrx_word' id='word_1_549' title='bbox 1263 2932 1309 2967; x_wconf 92' lang='lat' dir='ltr'>nou</span> <span class='ocrx_word' id='word_1_550' title='bbox 1322 2920 1405 2982; x_wconf 86' lang='lat' dir='ltr'>patior,</span> <span class='ocrx_word' id='word_1_551' title='bbox 1420 2923 1446 2969; x_wconf 90' lang='lat' dir='ltr'>nt</span> <span class='ocrx_word' id='word_1_552' title='bbox 1457 2920 1506 2983; x_wconf 86' lang='lat' dir='ltr'>ipse</span> <span class='ocrx_word' id='word_1_553' title='bbox 1519 2921 1567 2970; x_wconf 89' lang='lat' dir='ltr'>mei</span> <span class='ocrx_word' id='word_1_554' title='bbox 1583 2922 1692 2984; x_wconf 87' lang='lat' dir='ltr'>proditor</span> <span class='ocrx_word' id='word_1_555' title='bbox 1705 2923 1764 2968; x_wconf 85' lang='lat' dir='ltr'>tiana.</span> <span class='ocrx_word' id='word_1_556' title='bbox 1791 2919 1838 2964; x_wconf 77' lang='lat' dir='ltr'>bau</span> 
     </span>
     <span class='ocr_line' id='line_1_61' title="bbox 1075 3005 1838 3072; baseline 0 -18"><span class='ocrx_word' id='word_1_557' title='bbox 1075 3026 1087 3048; x_wconf 76' lang='lat' dir='ltr'>a</span> <span class='ocrx_word' id='word_1_558' title='bbox 1100 3007 1132 3056; x_wconf 89' lang='lat' dir='ltr'>ita</span> <span class='ocrx_word' id='word_1_559' title='bbox 1143 3009 1219 3058; x_wconf 89' lang='lat' dir='ltr'>multo</span> <span class='ocrx_word' id='word_1_560' title='bbox 1231 3009 1339 3059; x_wconf 84' lang='lat' dir='ltr'>stolidior</span> <span class='ocrx_word' id='word_1_561' title='bbox 1349 3023 1424 3060; x_wconf 74' lang='lat' dir='ltr'>assem</span> <span class='ocrx_word' id='word_1_562' title='bbox 1437 3024 1508 3072; x_wconf 85' lang='lat' dir='ltr'>quarn</span> <span class='ocrx_word' id='word_1_563' title='bbox 1518 3013 1559 3072; x_wconf 86' lang='lat' dir='ltr'>qni</span> <span class='ocrx_word' id='word_1_564' title='bbox 1572 3012 1602 3060; x_wconf 90' lang='lat' dir='ltr'>ad</span> <span class='ocrx_word' id='word_1_565' title='bbox 1614 3013 1697 3060; x_wconf 83' lang='lat' dir='ltr'>trustes</span> <span class='ocrx_word' id='word_1_566' title='bbox 1707 3010 1764 3059; x_wconf 88' lang='lat' dir='ltr'>ultro</span> <span class='ocrx_word' id='word_1_567' title='bbox 1776 3005 1838 3068; x_wconf 86' lang='lat' dir='ltr'>proin·</span> 
     </span>
     <span class='ocr_line' id='line_1_62' title="bbox 1074 3096 1883 3171; baseline 0.001 -25"><span class='ocrx_word' id='word_1_568' title='bbox 1074 3098 1308 3160; x_wconf 58' lang='lat' dir='ltr'>epicaustorium</span> <span class='ocrx_word' id='word_1_569' title='bbox 1328 3098 1362 3146; x_wconf 90' lang='lat' dir='ltr'>illi</span> <span class='ocrx_word' id='word_1_570' title='bbox 1380 3099 1425 3148; x_wconf 89' lang='lat' dir='ltr'>boc</span> <span class='ocrx_word' id='word_1_571' title='bbox 1444 3099 1533 3148; x_wconf 83' lang='lat' dir='ltr'>iaciunt</span> <span class='ocrx_word' id='word_1_572' title='bbox 1545 3114 1598 3150; x_wconf 86' lang='lat' dir='ltr'>suae</span> <span class='ocrx_word' id='word_1_573' title='bbox 1619 3100 1705 3171; x_wconf 83' lang='lat' dir='ltr'>salutis</span> <span class='ocrx_word' id='word_1_574' title='bbox 1720 3111 1785 3158; x_wconf 79' lang='lat' dir='ltr'>erga,</span> <span class='ocrx_word' id='word_1_575' title='bbox 1798 3096 1838 3154; x_wconf 83' lang='lat' dir='ltr'>ipsc</span> <span class='ocrx_word' id='word_1_576' title='bbox 1882 3099 1883 3126; x_wconf 51' lang='lat' dir='ltr'>l</span> 
     </span>
     <span class='ocr_line' id='line_1_63' title="bbox 1076 3181 1837 3250; baseline -0.011 -16"><span class='ocrx_word' id='word_1_577' title='bbox 1076 3207 1087 3228; x_wconf 76' lang='lat' dir='ltr'>a</span> <span class='ocrx_word' id='word_1_578' title='bbox 1102 3200 1157 3235; x_wconf 89' lang='lat' dir='ltr'>vero</span> <span class='ocrx_word' id='word_1_579' title='bbox 1175 3187 1299 3247; x_wconf 83' lang='lat' dir='ltr'>interitus,</span> <span class='ocrx_word' id='word_1_580' title='bbox 1311 3186 1384 3250; x_wconf 88' lang='lat' dir='ltr'>idque</span> <span class='ocrx_word' id='word_1_581' title='bbox 1396 3189 1450 3236; x_wconf 89' lang='lat' dir='ltr'>mei.</span> <span class='ocrx_word' id='word_1_582' title='bbox 1488 3191 1654 3239; x_wconf 82' lang='lat' dir='ltr'>Romanorum</span> <span class='ocrx_word' id='word_1_583' title='bbox 1668 3193 1743 3237; x_wconf 80' lang='lat' dir='ltr'>tantm</span> <span class='ocrx_word' id='word_1_584' title='bbox 1756 3181 1837 3231; x_wconf 76' lang='lat' dir='ltr'>imidias</span> 
     </span>
     <span class='ocr_line' id='line_1_64' title="bbox 1075 3275 1838 3342; baseline -0.012 -16"><span class='ocrx_word' id='word_1_585' title='bbox 1075 3297 1086 3319; x_wconf 76' lang='lat' dir='ltr'>r</span> <span class='ocrx_word' id='word_1_586' title='bbox 1099 3291 1171 3340; x_wconf 83' lang='lat' dir='ltr'>quam</span> <span class='ocrx_word' id='word_1_587' title='bbox 1184 3281 1287 3328; x_wconf 80' lang='lat' dir='ltr'>maxime</span> <span class='ocrx_word' id='word_1_588' title='bbox 1298 3281 1384 3341; x_wconf 85' lang='lat' dir='ltr'>expeto</span> <span class='ocrx_word' id='word_1_589' title='bbox 1396 3293 1403 3327; x_wconf 85' lang='grc' dir='ltr'>ι</span> <span class='ocrx_word' id='word_1_590' title='bbox 1417 3294 1469 3328; x_wconf 82' lang='lat' dir='ltr'>uara</span> <span class='ocrx_word' id='word_1_591' title='bbox 1489 3281 1508 3328; x_wconf 87' lang='lat' dir='ltr'>si</span> <span class='ocrx_word' id='word_1_592' title='bbox 1528 3288 1581 3342; x_wconf 87' lang='lat' dir='ltr'>post</span> <span class='ocrx_word' id='word_1_593' title='bbox 1592 3281 1664 3330; x_wconf 87' lang='lat' dir='ltr'>tidem</span> <span class='ocrx_word' id='word_1_594' title='bbox 1676 3281 1752 3328; x_wconf 82' lang='lat' dir='ltr'>delam</span> <span class='ocrx_word' id='word_1_595' title='bbox 1765 3289 1798 3323; x_wconf 79' lang='lat' dir='ltr'>aaa</span> <span class='ocrx_word' id='word_1_596' title='bbox 1811 3275 1838 3319; x_wconf 87' lang='lat' dir='ltr'>iu·</span> 
     </span>
     <span class='ocr_line' id='line_1_65' title="bbox 1076 3363 1834 3432; baseline -0.003 -14"><span class='ocrx_word' id='word_1_597' title='bbox 1076 3389 1087 3412; x_wconf 79' lang='grc' dir='ltr'>ι</span> <span class='ocrx_word' id='word_1_598' title='bbox 1100 3370 1241 3431; x_wconf 78' lang='lat' dir='ltr'>terleceriot,</span> <span class='ocrx_word' id='word_1_599' title='bbox 1251 3369 1319 3418; x_wconf 79' lang='lat' dir='ltr'>laetus</span> <span class='ocrx_word' id='word_1_600' title='bbox 1329 3369 1457 3420; x_wconf 78' lang='lat' dir='ltr'>admodum</span> <span class='ocrx_word' id='word_1_601' title='bbox 1468 3372 1564 3432; x_wconf 80' lang='lat' dir='ltr'>rupuar,</span> <span class='ocrx_word' id='word_1_602' title='bbox 1571 3372 1720 3422; x_wconf 89' lang='lat' dir='ltr'>mendacium</span> <span class='ocrx_word' id='word_1_603' title='bbox 1728 3363 1834 3430; x_wconf 65' lang='lat' dir='ltr'>partilio!u</span> 
     </span>
     <span class='ocr_line' id='line_1_66' title="bbox 1076 3459 1883 3536; baseline 0.01 -32"><span class='ocrx_word' id='word_1_604' title='bbox 1076 3481 1088 3504; x_wconf 74' lang='grc' dir='ltr'>«ι</span> <span class='ocrx_word' id='word_1_605' title='bbox 1101 3459 1238 3524; x_wconf 78' lang='lat' dir='ltr'>reportatis,</span> <span class='ocrx_word' id='word_1_606' title='bbox 1249 3460 1358 3510; x_wconf 84' lang='lat' dir='ltr'>solatium</span> <span class='ocrx_word' id='word_1_607' title='bbox 1370 3461 1467 3510; x_wconf 78' lang='lat' dir='ltr'>victorin</span> <span class='ocrx_word' id='word_1_608' title='bbox 1477 3464 1563 3522; x_wconf 82' lang='lat' dir='ltr'>urajns.</span> <span class='ocrx_word' id='word_1_609' title='bbox 1577 3483 1588 3504; x_wconf 81' lang='grc' dir='ltr'>ν</span> <span class='ocrx_word' id='word_1_610' title='bbox 1882 3533 1883 3536; x_wconf 11' lang='grc' dir='ltr'>γ</span> 
     </span>
    </p>

    <p class='ocr_par' dir='ltr' id='par_1_15' title="bbox 1075 3543 1883 3706">
     <span class='ocr_line' id='line_1_67' title="bbox 1106 3543 1883 3619; baseline -0.008 -14"><span class='ocrx_word' id='word_1_611' title='bbox 1106 3547 1835 3619; x_wconf 76' lang='lat' dir='ltr'>(llilvl.)a.litlcseplrueqnidemlrujuemodimuttadiocbtb</span> <span class='ocrx_word' id='word_1_612' title='bbox 1882 3543 1883 3556; x_wconf 58' lang='lat'>¹</span> 
     </span>
     <span class='ocr_line' id='line_1_68' title="bbox 1075 3643 1834 3706; baseline -0.013 -15"><span class='ocrx_word' id='word_1_613' title='bbox 1075 3648 1103 3693; x_wconf 91' lang='lat' dir='ltr'>ut</span> <span class='ocrx_word' id='word_1_614' title='bbox 1111 3644 1188 3693; x_wconf 85' lang='lat' dir='ltr'>socios</span> <span class='ocrx_word' id='word_1_615' title='bbox 1196 3657 1210 3690; x_wconf 93' lang='grc' dir='ltr'>σ</span> <span class='ocrx_word' id='word_1_616' title='bbox 1219 3643 1284 3693; x_wconf 72' lang='lat' dir='ltr'>coede</span> <span class='ocrx_word' id='word_1_617' title='bbox 1296 3644 1389 3706; x_wconf 87' lang='lat' dir='ltr'>propria</span> <span class='ocrx_word' id='word_1_618' title='bbox 1401 3643 1575 3693; x_wconf 85' lang='lat' dir='ltr'>delrorlaretnr.</span> <span class='ocrx_word' id='word_1_619' title='bbox 1610 3644 1647 3694; x_wconf 89' lang='lat' dir='ltr'>illi</span> <span class='ocrx_word' id='word_1_620' title='bbox 1660 3653 1729 3699; x_wconf 88' lang='lat' dir='ltr'>reru,</span> <span class='ocrx_word' id='word_1_621' title='bbox 1740 3647 1801 3686; x_wconf 84' lang='lat' dir='ltr'>aures</span> <span class='ocrx_word' id='word_1_622' title='bbox 1811 3643 1834 3676; x_wconf 78' lang='grc' dir='ltr'>τι</span> 
     </span>
    </p>
   </div>
   <div class='ocr_carea' id='block_1_7' title="bbox 255 3717 1836 3802">
    <p class='ocr_par' dir='ltr' id='par_1_16' title="bbox 255 3717 1836 3802">
     <span class='ocr_line' id='line_1_69' title="bbox 255 3717 1836 3802; baseline -0.004 -22"><span class='ocrx_word' id='word_1_623' title='bbox 255 3722 405 3800; x_wconf 62' lang='lat' dir='ltr'>paciscenda</span> <span class='ocrx_word' id='word_1_624' title='bbox 418 3723 497 3788; x_wconf 81' lang='grc' dir='ltr'>άκοδς</span> <span class='ocrx_word' id='word_1_625' title='bbox 510 3723 627 3802; x_wconf 79' lang='grc' dir='ltr'>ἔχοντες,</span> <span class='ocrx_word' id='word_1_626' title='bbox 639 3727 674 3790; x_wconf 83' lang='grc' dir='ltr'>ὡς</span> <span class='ocrx_word' id='word_1_627' title='bbox 689 3723 722 3782; x_wconf 85' lang='grc' dir='ltr'>διν</span> <span class='ocrx_word' id='word_1_628' title='bbox 732 3726 815 3784; x_wconf 88' lang='grc' dir='ltr'>πάλαι</span> <span class='ocrx_word' id='word_1_629' title='bbox 829 3727 1032 3794; x_wconf 87' lang='grc' dir='ltr'>καθοσιώσαντες</span> <span class='ocrx_word' id='word_1_630' title='bbox 1075 3730 1237 3792; x_wconf 79' lang='lat' dir='ltr'>desperatione</span> <span class='ocrx_word' id='word_1_631' title='bbox 1248 3731 1384 3780; x_wconf 84' lang='lat' dir='ltr'>obstructae</span> <span class='ocrx_word' id='word_1_632' title='bbox 1391 3730 1520 3791; x_wconf 85' lang='lat' dir='ltr'>babentes,</span> <span class='ocrx_word' id='word_1_633' title='bbox 1533 3739 1559 3780; x_wconf 93' lang='lat' dir='ltr'>ut</span> <span class='ocrx_word' id='word_1_634' title='bbox 1570 3733 1614 3794; x_wconf 90' lang='lat' dir='ltr'>qui</span> <span class='ocrx_word' id='word_1_635' title='bbox 1625 3727 1762 3800; x_wconf 81' lang='lat' dir='ltr'>jamdudum</span> <span class='ocrx_word' id='word_1_636' title='bbox 1774 3717 1836 3768; x_wconf 79' lang='lat' dir='ltr'>seruat</span> 
     </span>
    </p>
   </div>
   <div class='ocr_carea' id='block_1_8' title="bbox 256 3808 1031 3893">
    <p class='ocr_par' dir='ltr' id='par_1_17' title="bbox 256 3808 1031 3893">
     <span class='ocr_line' id='line_1_70' title="bbox 256 3808 1031 3893; baseline 0.008 -28"><span class='ocrx_word' id='word_1_637' title='bbox 256 3808 360 3875; x_wconf 84' lang='grc' dir='ltr'>έαυτούς</span> <span class='ocrx_word' id='word_1_638' title='bbox 369 3812 406 3888; x_wconf 78' lang='grc' dir='ltr'>τῷ</span> <span class='ocrx_word' id='word_1_639' title='bbox 417 3809 534 3888; x_wconf 87' lang='grc' dir='ltr'>θανάτῳ,</span> <span class='ocrx_word' id='word_1_640' title='bbox 544 3808 722 3889; x_wconf 69' lang='grc' dir='ltr'>παρωξύνοντο</span> <span class='ocrx_word' id='word_1_641' title='bbox 731 3813 794 3891; x_wconf 80' lang='grc' dir='ltr'>πρὸς</span> <span class='ocrx_word' id='word_1_642' title='bbox 801 3813 886 3870; x_wconf 87' lang='grc' dir='ltr'>αὐτόν·</span> <span class='ocrx_word' id='word_1_643' title='bbox 897 3814 941 3870; x_wconf 85' lang='grc' dir='ltr'>καί</span> <span class='ocrx_word' id='word_1_644' title='bbox 950 3837 1031 3893; x_wconf 86' lang='grc' dir='ltr'>προσ-</span> 
     </span>
    </p>
   </div>
   <div class='ocr_carea' id='block_1_9' title="bbox 1077 3802 1835 3880">
    <p class='ocr_par' dir='ltr' id='par_1_18' title="bbox 1077 3802 1835 3880">
     <span class='ocr_line' id='line_1_71' title="bbox 1077 3802 1835 3880; baseline -0.012 -14"><span class='ocrx_word' id='word_1_645' title='bbox 1077 3817 1146 3867; x_wconf 89' lang='lat' dir='ltr'>murti</span> <span class='ocrx_word' id='word_1_646' title='bbox 1157 3817 1318 3878; x_wconf 81' lang='lat' dir='ltr'>devoverant,</span> <span class='ocrx_word' id='word_1_647' title='bbox 1332 3819 1355 3866; x_wconf 90' lang='lat' dir='ltr'>iu</span> <span class='ocrx_word' id='word_1_648' title='bbox 1375 3831 1430 3866; x_wconf 89' lang='lat' dir='ltr'>enm</span> <span class='ocrx_word' id='word_1_649' title='bbox 1448 3825 1635 3880; x_wconf 64' lang='lat' dir='ltr'>exasperantem</span> <span class='ocrx_word' id='word_1_650' title='bbox 1657 3820 1681 3864; x_wconf 82' lang='lat' dir='ltr'>el</span> <span class='ocrx_word' id='word_1_651' title='bbox 1700 3813 1738 3862; x_wconf 88' lang='lat' dir='ltr'>atii</span> <span class='ocrx_word' id='word_1_652' title='bbox 1756 3802 1835 3857; x_wconf 76' lang='grc' dir='ltr'>ιθιιιιθι</span> 
     </span>
    </p>
   </div>
   <div class='ocr_carea' id='block_1_10' title="bbox 218 3889 1835 4234">
    <p class='ocr_par' dir='ltr' id='par_1_19' title="bbox 218 3889 1835 4234">
     <span class='ocr_line' id='line_1_72' title="bbox 256 3889 1835 3982; baseline -0.009 -30"><span class='ocrx_word' id='word_1_653' title='bbox 256 3895 353 3973; x_wconf 83' lang='grc' dir='ltr'>τρέχων</span> <span class='ocrx_word' id='word_1_654' title='bbox 368 3897 445 3960; x_wconf 86' lang='grc' dir='ltr'>άλλος</span> <span class='ocrx_word' id='word_1_655' title='bbox 453 3895 560 3956; x_wconf 77' lang='grc' dir='ltr'>ἄλλοθεν</span> <span class='ocrx_word' id='word_1_656' title='bbox 572 3898 802 3978; x_wconf 77' lang='grc' dir='ltr'>ξιρήρηςέκάκιζόν</span> <span class='ocrx_word' id='word_1_657' title='bbox 810 3925 838 3958; x_wconf 88' lang='grc' dir='ltr'>τε</span> <span class='ocrx_word' id='word_1_658' title='bbox 848 3904 884 3968; x_wconf 81' lang='grc' dir='ltr'>είς</span> <span class='ocrx_word' id='word_1_659' title='bbox 895 3903 1032 3982; x_wconf 76' lang='grc' dir='ltr'>ἀνανδρίαν</span> <span class='ocrx_word' id='word_1_660' title='bbox 1076 3917 1131 3952; x_wconf 86' lang='lat' dir='ltr'>cnm</span> <span class='ocrx_word' id='word_1_661' title='bbox 1141 3904 1224 3966; x_wconf 79' lang='lat' dir='ltr'>gladiis</span> <span class='ocrx_word' id='word_1_662' title='bbox 1236 3910 1389 3954; x_wconf 85' lang='lat' dir='ltr'>accurrentes</span> <span class='ocrx_word' id='word_1_663' title='bbox 1409 3909 1434 3953; x_wconf 88' lang='lat' dir='ltr'>et</span> <span class='ocrx_word' id='word_1_664' title='bbox 1452 3904 1569 3965; x_wconf 71' lang='lat' dir='ltr'>ignaviam</span> <span class='ocrx_word' id='word_1_665' title='bbox 1590 3905 1613 3953; x_wconf 88' lang='lat' dir='ltr'>ei</span> <span class='ocrx_word' id='word_1_666' title='bbox 1636 3894 1802 3963; x_wconf 75' lang='lat' dir='ltr'>exprobrabant</span> <span class='ocrx_word' id='word_1_667' title='bbox 1817 3889 1835 3932; x_wconf 88' lang='lat' dir='ltr'>el</span> 
     </span>
     <span class='ocr_line' id='line_1_73' title="bbox 218 3977 1832 4057; baseline -0.014 -16"><span class='ocrx_word' id='word_1_668' title='bbox 218 4005 244 4042; x_wconf 90' lang='grc' dir='ltr'>ιο</span> <span class='ocrx_word' id='word_1_669' title='bbox 260 3983 305 4039; x_wconf 89' lang='grc' dir='ltr'>καί</span> <span class='ocrx_word' id='word_1_670' title='bbox 315 3985 349 4047; x_wconf 82' lang='grc' dir='ltr'>ὡς</span> <span class='ocrx_word' id='word_1_671' title='bbox 357 3980 463 4047; x_wconf 81' lang='grc' dir='ltr'>ἕκαστος</span> <span class='ocrx_word' id='word_1_672' title='bbox 474 3983 565 4041; x_wconf 89' lang='grc' dir='ltr'>αὐτίκα</span> <span class='ocrx_word' id='word_1_673' title='bbox 575 3985 748 4055; x_wconf 73' lang='grc' dir='ltr'>καταπλήξων</span> <span class='ocrx_word' id='word_1_674' title='bbox 758 3988 834 4057; x_wconf 78' lang='grc' dir='ltr'>δῆλος</span> <span class='ocrx_word' id='word_1_675' title='bbox 845 3979 885 4057; x_wconf 72' lang='grc' dir='ltr'>ἤν.</span> <span class='ocrx_word' id='word_1_676' title='bbox 907 3988 941 4047; x_wconf 88' lang='grc' dir='ltr'><strong>Ὁ</strong></span> <span class='ocrx_word' id='word_1_677' title='bbox 953 3989 979 4046; x_wconf 82' lang='grc' dir='ltr'>δὲ</span> <span class='ocrx_word' id='word_1_678' title='bbox 990 3990 1032 4046; x_wconf 74' lang='grc' dir='ltr'>τὸν</span> <span class='ocrx_word' id='word_1_679' title='bbox 1076 3991 1179 4054; x_wconf 82' lang='lat' dir='ltr'>quisque</span> <span class='ocrx_word' id='word_1_680' title='bbox 1190 3992 1267 4054; x_wconf 81' lang='grc' dir='ltr'>ρσΙσω</span> <span class='ocrx_word' id='word_1_681' title='bbox 1280 3992 1302 4039; x_wconf 93' lang='lat' dir='ltr'>ia</span> <span class='ocrx_word' id='word_1_682' title='bbox 1318 4005 1346 4040; x_wconf 90' lang='lat' dir='ltr'>eo</span> <span class='ocrx_word' id='word_1_683' title='bbox 1356 3994 1408 4040; x_wconf 84' lang='lat' dir='ltr'>erat</span> <span class='ocrx_word' id='word_1_684' title='bbox 1419 3996 1445 4040; x_wconf 91' lang='lat' dir='ltr'>nl</span> <span class='ocrx_word' id='word_1_685' title='bbox 1457 4006 1511 4041; x_wconf 88' lang='lat' dir='ltr'>euru</span> <span class='ocrx_word' id='word_1_686' title='bbox 1530 4005 1543 4038; x_wconf 91' lang='lat' dir='ltr'>e</span> <span class='ocrx_word' id='word_1_687' title='bbox 1561 3989 1663 4050; x_wconf 77' lang='lat' dir='ltr'>vestigio</span> <span class='ocrx_word' id='word_1_688' title='bbox 1684 3977 1832 4034; x_wconf 72' lang='lat' dir='ltr'>interiecerat.</span> 
     </span>
     <span class='ocr_line' id='line_1_74' title="bbox 260 4067 1834 4156; baseline -0.01 -30"><span class='ocrx_word' id='word_1_689' title='bbox 260 4069 306 4144; x_wconf 77' lang='grc' dir='ltr'>μὲν</span> <span class='ocrx_word' id='word_1_690' title='bbox 314 4067 439 4144; x_wconf 83' lang='grc' dir='ltr'>ὀνομαστί</span> <span class='ocrx_word' id='word_1_691' title='bbox 447 4071 543 4142; x_wconf 89' lang='grc' dir='ltr'>καλῶν,</span> <span class='ocrx_word' id='word_1_692' title='bbox 551 4075 588 4150; x_wconf 85' lang='grc' dir='ltr'>τῷ</span> <span class='ocrx_word' id='word_1_693' title='bbox 598 4069 625 4128; x_wconf 80' lang='grc' dir='ltr'>δὲ</span> <span class='ocrx_word' id='word_1_694' title='bbox 635 4070 873 4151; x_wconf 85' lang='grc' dir='ltr'>στρατηγικώτερον</span> <span class='ocrx_word' id='word_1_695' title='bbox 884 4073 1032 4148; x_wconf 79' lang='grc' dir='ltr'>ἐμόλέπων,</span> <span class='ocrx_word' id='word_1_696' title='bbox 1077 4079 1118 4127; x_wconf 88' lang='lat' dir='ltr'>lile</span> <span class='ocrx_word' id='word_1_697' title='bbox 1127 4083 1220 4139; x_wconf 87' lang='lat' dir='ltr'>aulem,</span> <span class='ocrx_word' id='word_1_698' title='bbox 1233 4092 1308 4140; x_wconf 85' lang='lat' dir='ltr'>quum</span> <span class='ocrx_word' id='word_1_699' title='bbox 1320 4079 1393 4127; x_wconf 88' lang='lat' dir='ltr'>alium</span> <span class='ocrx_word' id='word_1_700' title='bbox 1405 4079 1543 4127; x_wconf 85' lang='lat' dir='ltr'>nominatim</span> <span class='ocrx_word' id='word_1_701' title='bbox 1561 4081 1672 4135; x_wconf 79' lang='lat' dir='ltr'>vocaret,</span> <span class='ocrx_word' id='word_1_702' title='bbox 1685 4071 1755 4120; x_wconf 87' lang='lat' dir='ltr'>aliuru</span> <span class='ocrx_word' id='word_1_703' title='bbox 1764 4070 1834 4156; x_wconf 66' lang='lat' dir='ltr'>ecreto</span> 
     </span>
     <span class='ocr_line' id='line_1_75' title="bbox 258 4148 1832 4234; baseline 0 -24"><span class='ocrx_word' id='word_1_704' title='bbox 258 4159 301 4212; x_wconf 80' lang='lat' dir='ltr'>acii</span> <span class='ocrx_word' id='word_1_705' title='bbox 313 4152 340 4210; x_wconf 80' lang='grc' dir='ltr'>δέ</span> <span class='ocrx_word' id='word_1_706' title='bbox 350 4152 522 4232; x_wconf 85' lang='grc' dir='ltr'>δρασσόμενος</span> <span class='ocrx_word' id='word_1_707' title='bbox 538 4162 584 4227; x_wconf 74' lang='grc' dir='ltr'>τῆς</span> <span class='ocrx_word' id='word_1_708' title='bbox 597 4157 694 4233; x_wconf 75' lang='grc' dir='ltr'>δεξιᾶς,</span> <span class='ocrx_word' id='word_1_709' title='bbox 707 4157 736 4216; x_wconf 89' lang='grc' dir='ltr'>δν</span> <span class='ocrx_word' id='word_1_710' title='bbox 747 4158 773 4215; x_wconf 79' lang='grc' dir='ltr'>δὲ</span> <span class='ocrx_word' id='word_1_711' title='bbox 792 4157 878 4228; x_wconf 78' lang='grc' dir='ltr'>δεήσει</span> <span class='ocrx_word' id='word_1_712' title='bbox 896 4160 1032 4234; x_wconf 83' lang='grc' dir='ltr'>δυσωπῶν,</span> <span class='ocrx_word' id='word_1_713' title='bbox 1075 4166 1142 4215; x_wconf 89' lang='lat' dir='ltr'>ducis</span> <span class='ocrx_word' id='word_1_714' title='bbox 1153 4172 1249 4228; x_wconf 88' lang='lat' dir='ltr'>aspectu</span> <span class='ocrx_word' id='word_1_715' title='bbox 1262 4166 1401 4225; x_wconf 86' lang='lat' dir='ltr'>intueretur,</span> <span class='ocrx_word' id='word_1_716' title='bbox 1411 4165 1483 4213; x_wconf 92' lang='lat' dir='ltr'>alium</span> <span class='ocrx_word' id='word_1_717' title='bbox 1492 4164 1576 4212; x_wconf 79' lang='lat' dir='ltr'>dextra</span> <span class='ocrx_word' id='word_1_718' title='bbox 1595 4157 1760 4226; x_wconf 69' lang='lat' dir='ltr'>pretendunt.</span> <span class='ocrx_word' id='word_1_719' title='bbox 1772 4148 1832 4196; x_wconf 75' lang='lat'>³¹¹¹¹¹¹¹</span> 
     </span>
    </p>
   </div>
   <div class='ocr_carea' id='block_1_11' title="bbox 259 4237 1805 4324">
    <p class='ocr_par' dir='ltr' id='par_1_20' title="bbox 259 4237 1805 4324">
     <span class='ocr_line' id='line_1_76' title="bbox 259 4237 1805 4324; baseline -0.001 -26"><span class='ocrx_word' id='word_1_720' title='bbox 259 4240 303 4298; x_wconf 80' lang='grc' dir='ltr'>καί</span> <span class='ocrx_word' id='word_1_721' title='bbox 325 4240 451 4307; x_wconf 89' lang='grc' dir='ltr'>ποικίλοις</span> <span class='ocrx_word' id='word_1_722' title='bbox 473 4242 647 4322; x_wconf 86' lang='grc' dir='ltr'>διαιρούμενος</span> <span class='ocrx_word' id='word_1_723' title='bbox 661 4243 778 4314; x_wconf 89' lang='grc' dir='ltr'>πάθεσιν,</span> <span class='ocrx_word' id='word_1_724' title='bbox 794 4246 838 4301; x_wconf 84' lang='grc' dir='ltr'>ἐπί</span> <span class='ocrx_word' id='word_1_725' title='bbox 859 4249 905 4313; x_wconf 72' lang='grc' dir='ltr'>τῆς</span> <span class='ocrx_word' id='word_1_726' title='bbox 920 4248 1033 4324; x_wconf 81' lang='grc' dir='ltr'>ἀνάγκης</span> <span class='ocrx_word' id='word_1_727' title='bbox 1077 4252 1184 4314; x_wconf 87' lang='lat' dir='ltr'>precibus</span> <span class='ocrx_word' id='word_1_728' title='bbox 1201 4254 1323 4313; x_wconf 78' lang='lat' dir='ltr'>exoraret,</span> <span class='ocrx_word' id='word_1_729' title='bbox 1340 4251 1451 4313; x_wconf 85' lang='lat' dir='ltr'>variaque</span> <span class='ocrx_word' id='word_1_730' title='bbox 1465 4251 1537 4298; x_wconf 87' lang='lat' dir='ltr'>animi</span> <span class='ocrx_word' id='word_1_731' title='bbox 1548 4249 1687 4303; x_wconf 76' lang='lat' dir='ltr'>affectione,</span> <span class='ocrx_word' id='word_1_732' title='bbox 1707 4246 1741 4302; x_wconf 79' lang='lat' dir='ltr'>(ut</span> <span class='ocrx_word' id='word_1_733' title='bbox 1757 4238 1778 4285; x_wconf 67' lang='lat'>1¹¹</span> <span class='ocrx_word' id='word_1_734' title='bbox 1799 4237 1805 4280; x_wconf 82' lang='lat'><strong>¹</strong></span> 
     </span>
    </p>
   </div>
   <div class='ocr_carea' id='block_1_12' title="bbox 1807 4227 1831 4278">
    <p class='ocr_par' dir='ltr' id='par_1_21' title="bbox 1807 4227 1831 4278">
     <span class='ocr_line' id='line_1_77' title="bbox 1807 4227 1831 4278; baseline -0.167 0"><span class='ocrx_word' id='word_1_735' title='bbox 1807 4227 1831 4278; x_wconf 85' lang='lat' dir='ltr'>ali</span> 
     </span>
    </p>
   </div>
   <div class='ocr_carea' id='block_1_13' title="bbox 261 4318 1831 4415">
    <p class='ocr_par' dir='ltr' id='par_1_22' title="bbox 261 4318 1831 4415">
     <span class='ocr_line' id='line_1_78' title="bbox 261 4318 1831 4415; baseline -0.006 -31"><span class='ocrx_word' id='word_1_736' title='bbox 261 4318 342 4407; x_wconf 78' lang='grc' dir='ltr'>εἶργεν</span> <span class='ocrx_word' id='word_1_737' title='bbox 360 4326 413 4385; x_wconf 82' lang='grc' dir='ltr'>άπὸ</span> <span class='ocrx_word' id='word_1_738' title='bbox 422 4332 469 4399; x_wconf 77' lang='grc' dir='ltr'>τῆς</span> <span class='ocrx_word' id='word_1_739' title='bbox 484 4334 585 4410; x_wconf 77' lang='grc' dir='ltr'>σφαγῆς</span> <span class='ocrx_word' id='word_1_740' title='bbox 602 4331 706 4389; x_wconf 85' lang='grc' dir='ltr'>πάντων</span> <span class='ocrx_word' id='word_1_741' title='bbox 719 4331 761 4388; x_wconf 88' lang='grc' dir='ltr'>τὸν</span> <span class='ocrx_word' id='word_1_742' title='bbox 772 4333 885 4410; x_wconf 85' lang='grc' dir='ltr'>σίδηρον,</span> <span class='ocrx_word' id='word_1_743' title='bbox 900 4332 988 4415; x_wconf 83' lang='grc' dir='ltr'>ὥσπερ</span> <span class='ocrx_word' id='word_1_744' title='bbox 1001 4335 1033 4393; x_wconf 77' lang='grc' dir='ltr'>εδ</span> <span class='ocrx_word' id='word_1_745' title='bbox 1076 4339 1225 4398; x_wconf 81' lang='lat' dir='ltr'>necessitate,</span> <span class='ocrx_word' id='word_1_746' title='bbox 1239 4339 1379 4392; x_wconf 80' lang='lat' dir='ltr'>distractus.</span> <span class='ocrx_word' id='word_1_747' title='bbox 1392 4340 1479 4387; x_wconf 85' lang='lat' dir='ltr'>terrum</span> <span class='ocrx_word' id='word_1_748' title='bbox 1493 4341 1599 4386; x_wconf 87' lang='lat' dir='ltr'>omnium</span> <span class='ocrx_word' id='word_1_749' title='bbox 1614 4334 1703 4386; x_wconf 73' lang='lat' dir='ltr'>aenda</span> <span class='ocrx_word' id='word_1_750' title='bbox 1713 4341 1754 4378; x_wconf 86' lang='grc' dir='ltr'>ειισ</span> <span class='ocrx_word' id='word_1_751' title='bbox 1767 4322 1831 4370; x_wconf 75' lang='lat' dir='ltr'>ulier·</span> 
     </span>
    </p>
   </div>
   <div class='ocr_carea' id='block_1_14' title="bbox 219 4414 1033 4673">
    <p class='ocr_par' dir='ltr' id='par_1_23' title="bbox 219 4414 1033 4673">
     <span class='ocr_line' id='line_1_79' title="bbox 219 4414 1032 4497; baseline 0.011 -27"><span class='ocrx_word' id='word_1_752' title='bbox 219 4441 245 4478; x_wconf 58' lang='lat' dir='ltr'>aa</span> <span class='ocrx_word' id='word_1_753' title='bbox 259 4414 491 4474; x_wconf 82' lang='grc' dir='ltr'>κατακυκλωθέντα</span> <span class='ocrx_word' id='word_1_754' title='bbox 519 4420 570 4474; x_wconf 92' lang='grc' dir='ltr'>τῶν</span> <span class='ocrx_word' id='word_1_755' title='bbox 593 4417 687 4496; x_wconf 85' lang='grc' dir='ltr'>θηρίων</span> <span class='ocrx_word' id='word_1_756' title='bbox 707 4418 748 4475; x_wconf 78' lang='lat' dir='ltr'>aiei</span> <span class='ocrx_word' id='word_1_757' title='bbox 765 4418 827 4497; x_wconf 85' lang='grc' dir='ltr'>πρὸς</span> <span class='ocrx_word' id='word_1_758' title='bbox 840 4419 884 4476; x_wconf 78' lang='grc' dir='ltr'>τὸν</span> <span class='ocrx_word' id='word_1_759' title='bbox 898 4421 1032 4479; x_wconf 88' lang='grc' dir='ltr'>καθαπτό-</span> 
     </span>
     <span class='ocr_line' id='line_1_80' title="bbox 261 4501 1033 4586; baseline 0.009 -29"><span class='ocrx_word' id='word_1_760' title='bbox 261 4524 335 4576; x_wconf 87' lang='grc' dir='ltr'>μενον</span> <span class='ocrx_word' id='word_1_761' title='bbox 348 4501 584 4584; x_wconf 79' lang='grc' dir='ltr'>άντιστρερόμενος.</span> <span class='ocrx_word' id='word_1_762' title='bbox 627 4508 688 4564; x_wconf 84' lang='grc' dir='ltr'>Τῶν</span> <span class='ocrx_word' id='word_1_763' title='bbox 702 4503 729 4562; x_wconf 80' lang='grc' dir='ltr'>δέ</span> <span class='ocrx_word' id='word_1_764' title='bbox 748 4505 793 4562; x_wconf 85' lang='grc' dir='ltr'>καί</span> <span class='ocrx_word' id='word_1_765' title='bbox 809 4506 881 4585; x_wconf 65' lang='lat' dir='ltr'>rapt</span> <span class='ocrx_word' id='word_1_766' title='bbox 895 4508 939 4572; x_wconf 85' lang='grc' dir='ltr'>τδς</span> <span class='ocrx_word' id='word_1_767' title='bbox 953 4507 1033 4586; x_wconf 84' lang='grc' dir='ltr'>ἐσχά-</span> 
     </span>
     <span class='ocr_line' id='line_1_81' title="bbox 259 4586 1033 4673; baseline 0.014 -32"><span class='ocrx_word' id='word_1_768' title='bbox 259 4609 305 4650; x_wconf 88' lang='grc' dir='ltr'>τας</span> <span class='ocrx_word' id='word_1_769' title='bbox 323 4586 453 4668; x_wconf 72' lang='grc' dir='ltr'>αυμγορδς</span> <span class='ocrx_word' id='word_1_770' title='bbox 471 4588 509 4646; x_wconf 84' lang='grc' dir='ltr'>ἔτι</span> <span class='ocrx_word' id='word_1_771' title='bbox 532 4590 575 4648; x_wconf 85' lang='grc' dir='ltr'>τὸν</span> <span class='ocrx_word' id='word_1_772' title='bbox 595 4590 740 4670; x_wconf 81' lang='grc' dir='ltr'>στρατηγὸν</span> <span class='ocrx_word' id='word_1_773' title='bbox 761 4593 931 4670; x_wconf 81' lang='grc' dir='ltr'>αἰδουμένων,</span> <span class='ocrx_word' id='word_1_774' title='bbox 951 4618 1033 4673; x_wconf 82' lang='grc' dir='ltr'>παρτ·</span> 
     </span>
    </p>
   </div>
   <div class='ocr_carea' id='block_1_15' title="bbox 1076 4401 1830 4660">
    <p class='ocr_par' dir='ltr' id='par_1_24' title="bbox 1076 4401 1830 4660">
     <span class='ocr_line' id='line_1_82' title="bbox 1076 4401 1830 4484; baseline -0.004 -10"><span class='ocrx_word' id='word_1_775' title='bbox 1076 4426 1152 4484; x_wconf 85' lang='lat' dir='ltr'>tebut‚</span> <span class='ocrx_word' id='word_1_776' title='bbox 1163 4438 1209 4474; x_wconf 89' lang='lat' dir='ltr'>aon</span> <span class='ocrx_word' id='word_1_777' title='bbox 1219 4438 1289 4474; x_wconf 80' lang='lat' dir='ltr'>secus</span> <span class='ocrx_word' id='word_1_778' title='bbox 1300 4439 1328 4474; x_wconf 87' lang='lat' dir='ltr'>ao</span> <span class='ocrx_word' id='word_1_779' title='bbox 1342 4425 1397 4474; x_wconf 84' lang='lat' dir='ltr'>ierae</span> <span class='ocrx_word' id='word_1_780' title='bbox 1406 4424 1583 4482; x_wconf 77' lang='lat' dir='ltr'>circumclusae,</span> <span class='ocrx_word' id='word_1_781' title='bbox 1596 4423 1626 4472; x_wconf 85' lang='lat' dir='ltr'>ad</span> <span class='ocrx_word' id='word_1_782' title='bbox 1639 4433 1693 4470; x_wconf 83' lang='lat' dir='ltr'>earm</span> <span class='ocrx_word' id='word_1_783' title='bbox 1705 4421 1789 4471; x_wconf 68' lang='lat' dir='ltr'>sculpet</span> <span class='ocrx_word' id='word_1_784' title='bbox 1798 4401 1830 4464; x_wconf 74' lang='lat' dir='ltr'>qui</span> 
     </span>
     <span class='ocr_line' id='line_1_83' title="bbox 1076 4501 1829 4573; baseline -0.04 -11"><span class='ocrx_word' id='word_1_785' title='bbox 1076 4527 1101 4562; x_wconf 91' lang='lat' dir='ltr'>se</span> <span class='ocrx_word' id='word_1_786' title='bbox 1112 4513 1134 4561; x_wconf 93' lang='lat' dir='ltr'>ei</span> <span class='ocrx_word' id='word_1_787' title='bbox 1152 4511 1307 4572; x_wconf 80' lang='lat' dir='ltr'>admoveret,</span> <span class='ocrx_word' id='word_1_788' title='bbox 1318 4525 1359 4560; x_wconf 88' lang='lat' dir='ltr'>ora</span> <span class='ocrx_word' id='word_1_789' title='bbox 1374 4511 1502 4573; x_wconf 75' lang='lat' dir='ltr'>vultusuue</span> <span class='ocrx_word' id='word_1_790' title='bbox 1517 4514 1665 4558; x_wconf 80' lang='lat' dir='ltr'>convertens.</span> <span class='ocrx_word' id='word_1_791' title='bbox 1698 4502 1786 4551; x_wconf 87' lang='lat' dir='ltr'>illorum</span> <span class='ocrx_word' id='word_1_792' title='bbox 1798 4501 1829 4536; x_wconf 87' lang='lat' dir='ltr'>au·</span> 
     </span>
     <span class='ocr_line' id='line_1_84' title="bbox 1077 4576 1830 4660; baseline -0.024 -10"><span class='ocrx_word' id='word_1_793' title='bbox 1077 4605 1137 4660; x_wconf 87' lang='lat' dir='ltr'>tem,</span> <span class='ocrx_word' id='word_1_794' title='bbox 1149 4599 1191 4660; x_wconf 77' lang='grc' dir='ltr'>συί</span> <span class='ocrx_word' id='word_1_795' title='bbox 1201 4599 1285 4648; x_wconf 88' lang='lat' dir='ltr'>ducem</span> <span class='ocrx_word' id='word_1_796' title='bbox 1296 4598 1319 4646; x_wconf 92' lang='lat' dir='ltr'>iu</span> <span class='ocrx_word' id='word_1_797' title='bbox 1327 4599 1511 4648; x_wconf 84' lang='lat' dir='ltr'>extremaetiam</span> <span class='ocrx_word' id='word_1_798' title='bbox 1521 4597 1615 4646; x_wconf 87' lang='lat' dir='ltr'>miseria</span> <span class='ocrx_word' id='word_1_799' title='bbox 1624 4600 1648 4644; x_wconf 86' lang='lat' dir='ltr'>et</span> <span class='ocrx_word' id='word_1_800' title='bbox 1657 4597 1758 4642; x_wconf 77' lang='lat' dir='ltr'>neutrum</span> <span class='ocrx_word' id='word_1_801' title='bbox 1766 4576 1830 4628; x_wconf 73' lang='lat' dir='ltr'>aitrus</span> 
     </span>
    </p>
   </div>
   <div class='ocr_carea' id='block_1_16' title="bbox 262 4663 1830 4759">
    <p class='ocr_par' dir='ltr' id='par_1_25' title="bbox 262 4663 1830 4759">
     <span class='ocr_line' id='line_1_85' title="bbox 262 4663 1830 4759; baseline -0.008 -34"><span class='ocrx_word' id='word_1_802' title='bbox 262 4669 351 4728; x_wconf 87' lang='grc' dir='ltr'>λύοντο</span> <span class='ocrx_word' id='word_1_803' title='bbox 368 4671 414 4747; x_wconf 77' lang='grc' dir='ltr'>μέν</span> <span class='ocrx_word' id='word_1_804' title='bbox 436 4678 464 4732; x_wconf 84' lang='grc' dir='ltr'>αἱ</span> <span class='ocrx_word' id='word_1_805' title='bbox 483 4674 578 4751; x_wconf 74' lang='grc' dir='ltr'>δεξιαὶ,</span> <span class='ocrx_word' id='word_1_806' title='bbox 591 4676 776 4754; x_wconf 82' lang='grc' dir='ltr'>περιωλίσθανε</span> <span class='ocrx_word' id='word_1_807' title='bbox 793 4677 821 4736; x_wconf 82' lang='grc' dir='ltr'>δὲ</span> <span class='ocrx_word' id='word_1_808' title='bbox 841 4678 873 4737; x_wconf 74' lang='grc' dir='ltr'>τά</span> <span class='ocrx_word' id='word_1_809' title='bbox 890 4679 963 4759; x_wconf 79' lang='grc' dir='ltr'>ξίρη,</span> <span class='ocrx_word' id='word_1_810' title='bbox 990 4681 1031 4738; x_wconf 87' lang='grc' dir='ltr'>καί</span> <span class='ocrx_word' id='word_1_811' title='bbox 1076 4691 1247 4746; x_wconf 85' lang='lat' dir='ltr'>revererentur,</span> <span class='ocrx_word' id='word_1_812' title='bbox 1260 4685 1442 4734; x_wconf 83' lang='lat' dir='ltr'>debilitabantur</span> <span class='ocrx_word' id='word_1_813' title='bbox 1453 4687 1558 4743; x_wconf 75' lang='lat' dir='ltr'>dextrae,</span> <span class='ocrx_word' id='word_1_814' title='bbox 1571 4684 1688 4746; x_wconf 77' lang='lat' dir='ltr'>gladiique</span> <span class='ocrx_word' id='word_1_815' title='bbox 1696 4677 1725 4725; x_wconf 87' lang='lat' dir='ltr'>de</span> <span class='ocrx_word' id='word_1_816' title='bbox 1735 4663 1830 4720; x_wconf 71' lang='lat' dir='ltr'>maaibttt</span> 
     </span>
    </p>
   </div>
   <div class='ocr_carea' id='block_1_17' title="bbox 261 4756 1033 4848">
    <p class='ocr_par' dir='ltr' id='par_1_26' title="bbox 261 4756 1033 4848">
     <span class='ocr_line' id='line_1_86' title="bbox 261 4756 1033 4848; baseline 0.018 -37"><span class='ocrx_word' id='word_1_817' title='bbox 261 4756 352 4812; x_wconf 77' lang='grc' dir='ltr'>πολλοὶ</span> <span class='ocrx_word' id='word_1_818' title='bbox 369 4756 413 4824; x_wconf 80' lang='grc' dir='ltr'>τδς</span> <span class='ocrx_word' id='word_1_819' title='bbox 430 4760 557 4840; x_wconf 74' lang='grc' dir='ltr'>ῥομφαίας</span> <span class='ocrx_word' id='word_1_820' title='bbox 580 4762 740 4843; x_wconf 79' lang='grc' dir='ltr'>έπιρέροντες</span> <span class='ocrx_word' id='word_1_821' title='bbox 762 4766 912 4840; x_wconf 82' lang='grc' dir='ltr'>αὐτομάτως</span> <span class='ocrx_word' id='word_1_822' title='bbox 939 4768 1033 4848; x_wconf 86' lang='grc' dir='ltr'>παρεί-</span> 
     </span>
    </p>
   </div>
   <div class='ocr_carea' id='block_1_18' title="bbox 203 4848 354 4912">
    <p class='ocr_par' dir='ltr' id='par_1_27' title="bbox 203 4848 354 4912">
     <span class='ocr_line' id='line_1_87' title="bbox 203 4848 354 4912; baseline 0 -11"><span class='ocrx_word' id='word_1_823' title='bbox 203 4873 207 4879; x_wconf 89' lang='grc'>·</span> <span class='ocrx_word' id='word_1_824' title='bbox 221 4872 249 4908; x_wconf 70' lang='grc' dir='ltr'>ιο</span> <span class='ocrx_word' id='word_1_825' title='bbox 262 4848 354 4912; x_wconf 88' lang='grc' dir='ltr'>θησαν.</span> 
     </span>
    </p>
   </div>
   <div class='ocr_carea' id='block_1_19' title="bbox 1076 4751 1883 4910">
    <p class='ocr_par' dir='ltr' id='par_1_28' title="bbox 1076 4751 1883 4910">
     <span class='ocr_line' id='line_1_88' title="bbox 1076 4751 1883 4834; baseline 0.001 -11"><span class='ocrx_word' id='word_1_826' title='bbox 1076 4774 1237 4832; x_wconf 83' lang='lat' dir='ltr'>elabebantur,</span> <span class='ocrx_word' id='word_1_827' title='bbox 1247 4773 1443 4834; x_wconf 81' lang='lat' dir='ltr'>multiqueqnuar</span> <span class='ocrx_word' id='word_1_828' title='bbox 1451 4773 1548 4822; x_wconf 85' lang='lat' dir='ltr'>ensibus</span> <span class='ocrx_word' id='word_1_829' title='bbox 1557 4765 1749 4834; x_wconf 78' lang='lat' dir='ltr'>ipampeterert</span> <span class='ocrx_word' id='word_1_830' title='bbox 1758 4751 1828 4815; x_wconf 62' lang='lat' dir='ltr'>ill⁰¹¹¹⁰</span> <span class='ocrx_word' id='word_1_831' title='bbox 1882 4819 1883 4824; x_wconf 75' lang='grc'>,</span> 
     </span>
     <span class='ocr_line' id='line_1_89' title="bbox 1076 4860 1285 4910; baseline 0 0"><span class='ocrx_word' id='word_1_832' title='bbox 1076 4875 1117 4910; x_wconf 90' lang='lat' dir='ltr'>eos</span> <span class='ocrx_word' id='word_1_833' title='bbox 1126 4860 1285 4910; x_wconf 81' lang='lat' dir='ltr'>dimittebant.</span> 
     </span>
    </p>
   </div>
   <div class='ocr_carea' id='block_1_20' title="bbox 262 4927 1827 5280">
    <p class='ocr_par' dir='ltr' id='par_1_29' title="bbox 262 4927 1827 5280">
     <span class='ocr_line' id='line_1_90' title="bbox 303 4927 1827 5022; baseline -0.01 -22"><span class='ocrx_word' id='word_1_834' title='bbox 303 4927 334 4998; x_wconf 61' lang='grc' dir='ltr'>θ’·</span> <span class='ocrx_word' id='word_1_835' title='bbox 356 4927 390 4989; x_wconf 80' lang='grc' dir='ltr'><strong>Ὁ</strong></span> <span class='ocrx_word' id='word_1_836' title='bbox 400 4928 428 4987; x_wconf 65' lang='grc' dir='ltr'>ὅθ</span> <span class='ocrx_word' id='word_1_837' title='bbox 441 4932 467 4988; x_wconf 66' lang='grc' dir='ltr'>έν</span> <span class='ocrx_word' id='word_1_838' title='bbox 481 4937 536 4998; x_wconf 68' lang='grc' dir='ltr'>ταῖς</span> <span class='ocrx_word' id='word_1_839' title='bbox 548 4936 706 5014; x_wconf 64' lang='grc' dir='ltr'>ἀμηχανίαις</span> <span class='ocrx_word' id='word_1_840' title='bbox 714 4939 761 4995; x_wconf 76' lang='grc' dir='ltr'>οὐκ</span> <span class='ocrx_word' id='word_1_841' title='bbox 772 4938 903 5018; x_wconf 81' lang='grc' dir='ltr'>ἠπόρησεν</span> <span class='ocrx_word' id='word_1_842' title='bbox 913 4940 1034 5012; x_wconf 80' lang='grc' dir='ltr'>ἐπινοίας,</span> <span class='ocrx_word' id='word_1_843' title='bbox 1107 4953 1130 5000; x_wconf 88' lang='lat' dir='ltr'>l.</span> <span class='ocrx_word' id='word_1_844' title='bbox 1148 4949 1184 4998; x_wconf 90' lang='lat' dir='ltr'>lili</span> <span class='ocrx_word' id='word_1_845' title='bbox 1194 4953 1274 4998; x_wconf 81' lang='lat' dir='ltr'>autem</span> <span class='ocrx_word' id='word_1_846' title='bbox 1287 4948 1310 4997; x_wconf 93' lang='lat' dir='ltr'>io</span> <span class='ocrx_word' id='word_1_847' title='bbox 1322 4947 1437 5009; x_wconf 79' lang='lat' dir='ltr'>augustiis</span> <span class='ocrx_word' id='word_1_848' title='bbox 1445 4958 1493 4995; x_wconf 83' lang='lat' dir='ltr'>aaa</span> <span class='ocrx_word' id='word_1_849' title='bbox 1503 4945 1583 4995; x_wconf 74' lang='lat' dir='ltr'>demat</span> <span class='ocrx_word' id='word_1_850' title='bbox 1594 4940 1696 4996; x_wconf 87' lang='lat' dir='ltr'>sollertia</span> <span class='ocrx_word' id='word_1_851' title='bbox 1708 4932 1735 4982; x_wconf 84' lang='grc' dir='ltr'>σθ</span> <span class='ocrx_word' id='word_1_852' title='bbox 1747 4933 1827 5022; x_wconf 58' lang='lat' dir='ltr'>OQ·</span> 
     </span>
     <span class='ocr_line' id='line_1_91' title="bbox 262 5015 1827 5107; baseline -0.011 -16"><span class='ocrx_word' id='word_1_853' title='bbox 262 5016 330 5074; x_wconf 56' lang='grc' dir='ltr'>ἀλλὰ</span> <span class='ocrx_word' id='word_1_854' title='bbox 342 5016 645 5097; x_wconf 55' lang='grc' dir='ltr'>πῑστῑθωθτῷκηδεμόνι</span> <span class='ocrx_word' id='word_1_855' title='bbox 658 5027 720 5102; x_wconf 82' lang='grc' dir='ltr'>Θιῶ</span> <span class='ocrx_word' id='word_1_856' title='bbox 733 5025 780 5096; x_wconf 77' lang='grc' dir='ltr'>τήν</span> <span class='ocrx_word' id='word_1_857' title='bbox 798 5026 927 5105; x_wconf 84' lang='grc' dir='ltr'>σωτηρίαν</span> <span class='ocrx_word' id='word_1_858' title='bbox 945 5050 1035 5107; x_wconf 83' lang='grc' dir='ltr'>παρα·</span> <span class='ocrx_word' id='word_1_859' title='bbox 1077 5035 1192 5095; x_wconf 85' lang='lat' dir='ltr'>tandum,</span> <span class='ocrx_word' id='word_1_860' title='bbox 1209 5035 1251 5084; x_wconf 88' lang='lat' dir='ltr'>sed</span> <span class='ocrx_word' id='word_1_861' title='bbox 1267 5034 1310 5084; x_wconf 84' lang='lat' dir='ltr'>Del</span> <span class='ocrx_word' id='word_1_862' title='bbox 1327 5047 1389 5084; x_wconf 71' lang='lat' dir='ltr'>curn</span> <span class='ocrx_word' id='word_1_863' title='bbox 1409 5047 1435 5084; x_wconf 83' lang='lat' dir='ltr'>se</span> <span class='ocrx_word' id='word_1_864' title='bbox 1455 5034 1603 5083; x_wconf 86' lang='lat' dir='ltr'>committeus</span> <span class='ocrx_word' id='word_1_865' title='bbox 1621 5026 1701 5081; x_wconf 84' lang='lat' dir='ltr'>salutis</span> <span class='ocrx_word' id='word_1_866' title='bbox 1720 5015 1827 5106; x_wconf 57' lang='grc' dir='ltr'>θίιῠηθδθ]</span> 
     </span>
     <span class='ocr_line' id='line_1_92' title="bbox 262 5099 1823 5194; baseline -0.008 -28"><span class='ocrx_word' id='word_1_867' title='bbox 262 5105 397 5165; x_wconf 75' lang='grc' dir='ltr'>θόλλεται.</span> <span class='ocrx_word' id='word_1_868' title='bbox 444 5103 526 5164; x_wconf 75' lang='grc' dir='ltr'>«Καὶ</span> <span class='ocrx_word' id='word_1_869' title='bbox 541 5106 628 5178; x_wconf 73' lang='grc' dir='ltr'>ἐπειδὴ</span> <span class='ocrx_word' id='word_1_870' title='bbox 644 5110 762 5169; x_wconf 86' lang='grc' dir='ltr'>δέδοκται</span> <span class='ocrx_word' id='word_1_871' title='bbox 780 5112 810 5170; x_wconf 87' lang='grc' dir='ltr'>τδ</span> <span class='ocrx_word' id='word_1_872' title='bbox 828 5113 957 5185; x_wconf 75' lang='grc' dir='ltr'>θνήσκειν,</span> <span class='ocrx_word' id='word_1_873' title='bbox 973 5113 1035 5194; x_wconf 74' lang='grc' dir='ltr'>ἔφη,</span> <span class='ocrx_word' id='word_1_874' title='bbox 1077 5123 1134 5171; x_wconf 75' lang='lat' dir='ltr'>anit.</span> <span class='ocrx_word' id='word_1_875' title='bbox 1168 5141 1180 5164; x_wconf 72' lang='lat' dir='ltr'>a</span> <span class='ocrx_word' id='word_1_876' title='bbox 1203 5126 1231 5170; x_wconf 81' lang='lat' dir='ltr'>nt</span> <span class='ocrx_word' id='word_1_877' title='bbox 1245 5122 1358 5183; x_wconf 75' lang='lat' dir='ltr'>antoniam</span> <span class='ocrx_word' id='word_1_878' title='bbox 1379 5123 1438 5169; x_wconf 83' lang='lat' dir='ltr'>mori</span> <span class='ocrx_word' id='word_1_879' title='bbox 1457 5121 1578 5170; x_wconf 77' lang='lat' dir='ltr'>decretauu</span> <span class='ocrx_word' id='word_1_880' title='bbox 1598 5123 1647 5178; x_wconf 84' lang='lat' dir='ltr'>eet,</span> <span class='ocrx_word' id='word_1_881' title='bbox 1666 5099 1823 5184; x_wconf 56' lang='lat' dir='ltr'>iuquitstlllij</span> 
     </span>
     <span class='ocr_line' id='line_1_93' title="bbox 263 5181 1824 5280; baseline -0.015 -15"><span class='ocrx_word' id='word_1_882' title='bbox 263 5219 276 5242; x_wconf 82' lang='lat'>¹¹</span> <span class='ocrx_word' id='word_1_883' title='bbox 289 5193 348 5272; x_wconf 53' lang='grc' dir='ltr'>θέρε</span> <span class='ocrx_word' id='word_1_884' title='bbox 371 5192 458 5273; x_wconf 64' lang='grc' dir='ltr'>κλήρῳ</span> <span class='ocrx_word' id='word_1_885' title='bbox 481 5193 527 5259; x_wconf 68' lang='lat' dir='ltr'>el&lt;</span> <span class='ocrx_word' id='word_1_886' title='bbox 549 5195 668 5264; x_wconf 68' lang='grc' dir='ltr'>ἀλλήλων</span> <span class='ocrx_word' id='word_1_887' title='bbox 688 5198 788 5276; x_wconf 62' lang='grc' dir='ltr'>σφαγάς</span> <span class='ocrx_word' id='word_1_888' title='bbox 811 5200 999 5280; x_wconf 70' lang='grc' dir='ltr'>ε’πιτρέψωμεν,</span> <span class='ocrx_word' id='word_1_889' title='bbox 1023 5205 1036 5258; x_wconf 80' lang='grc' dir='ltr'>δ</span> <span class='ocrx_word' id='word_1_890' title='bbox 1078 5210 1156 5258; x_wconf 76' lang='lat' dir='ltr'>caules</span> <span class='ocrx_word' id='word_1_891' title='bbox 1169 5214 1264 5257; x_wconf 88' lang='lat' dir='ltr'>urulnas</span> <span class='ocrx_word' id='word_1_892' title='bbox 1283 5208 1305 5256; x_wconf 92' lang='lat' dir='ltr'>iu</span> <span class='ocrx_word' id='word_1_893' title='bbox 1319 5210 1405 5257; x_wconf 79' lang='lat' dir='ltr'>sortem</span> <span class='ocrx_word' id='word_1_894' title='bbox 1419 5210 1583 5268; x_wconf 78' lang='lat' dir='ltr'>cerrjiriantus,</span> <span class='ocrx_word' id='word_1_895' title='bbox 1602 5213 1638 5262; x_wconf 86' lang='lat' dir='ltr'>ei,</span> <span class='ocrx_word' id='word_1_896' title='bbox 1657 5199 1691 5250; x_wconf 65' lang='lat' dir='ltr'>exiri</span> <span class='ocrx_word' id='word_1_897' title='bbox 1713 5203 1759 5242; x_wconf 74' lang='lat' dir='ltr'>sors</span> <span class='ocrx_word' id='word_1_898' title='bbox 1776 5181 1824 5230; x_wconf 68' lang='grc' dir='ltr'>θθθ·</span> 
     </span>
    </p>
   </div>
   <div class='ocr_carea' id='block_1_21' title="bbox 0 0 1918 6059">
    <p class='ocr_par' dir='ltr' id='par_1_30' title="bbox 0 0 1918 6059">
     <span class='ocr_line' id='line_1_94' title="bbox 0 0 1918 6059; baseline 0 2"><span class='ocrx_word' id='word_1_899' title='bbox 0 0 1918 6059; x_wconf 95' lang='lat' dir='ltr'> </span> 
     </span>
    </p>
   </div>
  </div>
 </body>
</html>
