3825 6059
45 521 186 597 ιιιωωι

44 835 145 913 ύποήιίας
158 841 205 893 τοῦ
221 834 390 912 διαγγέλλειν.
436 836 676 897 Ἀποοκευάσασθαι
696 838 744 915 μὲν
763 834 807 898 οῦν

44 922 113 979 ababa
125 924 171 979 οῦκ
186 914 219 993 ήν
232 922 327 1004 ῥᾴδιον,
346 923 408 983 όντα
422 947 451 982 τε
464 924 571 983 δυνατὸν
586 928 615 984 ἐκ
628 926 751 1005 πονηρίας
762 926 806 985 καί

21 1010 121 1076 ιάλλως
138 1012 168 1067 οθ
180 1013 234 1068 τῶν
247 1010 368 1085 ἀσήμων,
391 1010 568 1087 ὑπεζωσμένον
588 1036 616 1071 τε
633 1011 743 1079 πολλούς
756 1016 806 1071 τῶν

44 1097 235 1177 συνεδρευόντων
259 1101 311 1164 τοῖς
336 1095 414 1164 θλοις.
455 1097 559 1157 Ἐδόκει
581 1099 608 1157 δδ
625 1100 702 1159 αὐτὸν
723 1099 806 1179 ὅρκοις

44 1184 218 1243 πιστώσασθαι
235 1184 300 1263 πρδς
323 1182 432 1244 εὔνοιαν.
476 1182 581 1260 Ὤμνυε
601 1188 624 1245 δ’
648 1191 662 1243 θ
685 1186 806 1257 Ἰωάννης

44 1272 143 1347 ἑτοίμως
156 1270 286 1340 εὐνοήσειν
298 1294 326 1328 τε
341 1275 378 1350 τῷ
396 1272 472 1353 δήμιρ
485 1273 530 1331 καί
545 1272 612 1349 μήτε
632 1273 726 1352 βουλήν
749 1297 806 1332 τινα

45 1357 106 1431 μήτε
122 1357 212 1436 πρᾶξιν
232 1358 374 1437 προδώσειν
398 1363 451 1424 τοῖς
472 1361 586 1439 ἐχθροῖς,
602 1359 806 1437 συγκαταλύσειν

20 1444 68 1503 uc}
80 1445 137 1511 τοὺς
149 1444 314 1521 ἐπιθεμένους
326 1447 370 1505 καλ
386 1446 455 1525 χειρί
465 1445 510 1502 καί
524 1446 624 1524 γνώμῃ.
664 1449 699 1506 Oi
708 1444 736 1504 θδ
747 1446 806 1527 περὶ

44 1534 82 1590 scu
94 1532 197 1592 Ἄνανον
213 1533 398 1601 πιστεύσαντες
410 1536 462 1600 τοῖς
482 1533 566 1615 ὅρκοις
583 1534 633 1605 ήδη
648 1534 727 1614 χωρὶς
744 1537 804 1591 ὑπο-

43 1621 106 1687 νοίας
116 1626 151 1688 είς
163 1622 208 1688 τάς
220 1622 379 1698 συμόουλίας
397 1623 474 1680 αθτὸν
487 1621 702 1702 παρελάμόανον·
717 1622 762 1679 καί
774 1621 804 1691 δή

44 1708 82 1765 καὶ
97 1708 258 1787 πρεσῦευτήν
275 1708 446 1783 εἰσπέμπουσι
465 1710 528 1790 πρὸς
548 1709 606 1776 τοθς
619 1708 733 1779 ζηλωτάς
746 1706 805 1787 περλ

44 1797 182 1863 διαλύσεως.
224 1787 279 1857 Ἦν
302 1796 352 1874 γάρ
372 1800 457 1864 αὐτοῖς
475 1798 573 1867 σπουδή
595 1796 625 1855 τὸ
638 1799 700 1875 παρ’
721 1796 806 1862 αὐτοῖς

20 1887 76 1962 spi,
98 1896 187 1961 μιᾶναι
207 1884 370 1965 ἱερὸν,,μηδέ
389 1908 445 1942 τινα
461 1888 513 1942 τῶν
527 1884 663 1964 ὁμοφύλων
685 1886 712 1940 ἐν
735 1884 805 1962 αὐτῷ

44 1986 134 2035 πεσεῖν.

78 2065 115 2120 ιδ.
135 2063 167 2123 Ὁ
179 2062 220 2135 sl,
235 2059 324 2139 ὥσπερ
341 2068 395 2126 τοῖς
406 2059 532 2129 ζηλωταῖς
552 2058 616 2138 ίιπίρ
630 2056 726 2124 εὐνοίας
741 2058 802 2134 θμό-

46 2174 96 2221 σας,
108 2150 155 2207 καὶ
166 2153 193 2208 οίι
205 2149 262 2210 κατ’
272 2151 367 2222 αὐτῶν,
379 2145 514 2226 παρελθὼν
525 2145 601 2217 εἴσω,
614 2145 659 2203 καλ
672 2144 804 2211 καταστὰς

46 2240 73 2303 εἰς
85 2240 191 2313 μέσους,
208 2236 333 2303 πολλάκις
351 2236 397 2312 μὲν
410 2234 459 2315 ἔφη
474 2235 633 2292 κινδυνεῦσαι
652 2233 684 2289 δι’
699 2229 803 2307 αὐτούς,

20 2324 78 2380 uin
89 2322 170 2400 μηδέν
185 2324 331 2402 ἀγνοήσωσι
343 2328 395 2383 τῶν
412 2320 573 2401 ἀπορρήτων,
586 2317 635 2377 ὅσα
649 2318 706 2377 κατ’
720 2321 803 2376 αὐτῶν

45 2412 132 2491 strepi
143 2413 184 2470 τθν
197 2411 303 2471 Ἄνανον
317 2411 509 2471 ἐθουλεύσαντο·
522 2405 566 2465 νῦν
585 2407 611 2464 st
629 2406 672 2464 τὸν
685 2406 803 2483 μέγιστον

47 2499 197 2579 ἀναρρίπτειν
211 2498 326 2559 κίνδυνον
336 2498 380 2556 σίιν
395 2498 579 2566 πῦσιναῦτοῖς,
587 2497 609 2552 εί
623 2492 660 2570 μή
672 2516 710 2558 τις
723 2513 802 2572 προσ-

47 2588 132 2663 γένοιτο
146 2586 254 2667 βοήθεια
268 2586 406 2663 δαιμόνιος.
447 2586 487 2644 ot
505 2582 555 2662 γάρ
566 2580 605 2639 ἔτι
617 2580 719 2657 μέλλειν
728 2576 804 2638 'duu-

48 2698 89 2748 ναν,
101 2676 168 2733 ἀλλά
177 2676 303 2733 πείσαντα
314 2673 360 2750 μέν
370 2674 415 2731 τὸν
423 2674 504 2748 δῆμον
512 2667 678 2748 πεπομρέναι
685 2666 804 2747 πρέοθεις

21 2762 317 2832 praedomantes,
330 2757 373 2816 ἵνα
389 2757 548 2817 liutbertus&
561 2755 641 2832 τάχος
661 2752 802 2833 παραλάὸη

48 2824 85 2917 τήν
97 2850 179 2921 πάλιν,
193 2846 336 2927 δγνείανδί
349 2843 558 2926 παρηγγελκέναι
576 2844 634 2899 κατ’
649 2843 734 2898 αύτιῖιν
753 2863 803 2948 ρυ-

48 2937 134 2994 λόττειν
161 2940 197 3002 εἰς
216 2936 263 3005 τήν
280 2933 338 3004 ἑξῆς
357 2931 469 3012 ἡμέραν,
483 2931 527 2989 ίνα
544 2929 561 3000 ἢ
578 2928 644 2987 κατὰ
667 2932 803 3005 θρησκειαν

49 3025 187 3090 εἰσελθόντες
199 3022 218 3093 ἣ
228 3022 274 3080 καλ
286 3021 439 3099 βιασάμενοι
451 3016 611 3095 συμμίξωσιν
626 3018 721 3081 αὐτοῖς.
744 3016 804 3093 Οὐχ

48 3114 97 3186 δραι
109 3112 134 3169 δὲ
148 3112 227 3190 μέχρι
240 3111 307 3175 τίνος
322 3108 339 3179 ί,
356 3107 404 3179 τήν
417 3107 528 3187 φρουράν
546 3105 668 3174 οίσουσιν,
682 3102 699 3173 ή
714 3125 802 3177 παρα-

21 3198 150 3265 ¹'reticeres
173 3178 239 3277 πρὸς
260 3195 402 3261 τοσούτους.
450 3194 600 3276 Προσετίθει
623 3192 649 3249 δὲ
673 3194 707 3255 ὣς
728 3190 804 3255 αὐτὸς

49 3286 213 3366 εἰσπεμρθείη,
225 3282 294 3343 κατὰ
305 3286 375 3344 θεοῦ
384 3282 513 3359 πρόνοιαν,
524 3284 559 3346 δις
569 3277 729 3359 πρεσθευτής
739 3276 803 3356 ύπίρ

49 3373 184 3438 διαλύσεως·
199 3373 242 3430 τὸν
254 3370 306 3451 γάρ
316 3368 424 3430 Ἄνανον
438 3370 533 3435 ταύτας
550 3371 636 3433 αὐτοῖς
652 3365 802 3447 προτείνειν,

48 3458 103 3525 ὅπως
115 3460 235 3525 ἀνόπλοις
255 3458 360 3536 ἐπελθῃ.
401 3462 462 3517 Δεῖν
476 3448 519 3516 ούν
534 3455 552 3526 il
565 3459 603 3535 τῷ
616 3455 686 3534 λόγῳ
698 3459 744 3511 τοῦ
757 3457 802 3522 ζ’ήν

48 3546 93 3612 τοῖς
108 3552 280 3628 φρουροῦντας
299 3543 432 3620 ἱκετεύειν,
451 3544 468 3615 ἢ
488 3542 636 3624 πορίζεσθαί
653 3566 710 3601 τινα
731 3540 803 3620 παρὰ

21 3630 88 3689 8τῶν
95 3635 182 3701 ἔξωθεν
192 3632 349 3711 ἐπικουρίαν.
389 3630 454 3697 Τοθς
472 3631 513 3702 δὲ,
529 3630 702 3709 θαλπομένους
719 3631 804 3689 ἐλπίδι

49 3723 200 3799 συγγνώμης,
215 3725 237 3780 εί
252 3722 412 3799 κρατηθεῖεν,
424 3722 590 3791 ἐπιλελῆσθαι
599 3724 648 3778 τῶν
664 3720 733 3778 ἰδίων
744 3721 803 3777 τολ-

49 3810 171 3882 μημάτων,
182 3806 200 3879 ἢ
213 3809 325 3883 νομίζειν
339 3806 394 3884 ἅμα
409 3812 445 3885 τῷ
466 3817 598 3883 μετανοεῖν
610 3806 667 3873 τοὺς
679 3808 803 3886 δεδρακό-

48 3916 83 3959 τας
104 3897 192 3962 εὐθέως
210 3897 321 3975 ὀφείλειν
347 3895 502 3974 διηλλάχθαι
522 3894 567 3952 καὶ
588 3892 645 3959 τοὺς
665 3896 801 3962 παθόντας.

48 3978 110 4038 {llll
121 3988 173 4041 τῶν
188 3982 236 4057 μέν
251 3982 428 4052 ἀδικησάντων
438 3981 480 4039 διδ
493 3980 582 4058 μίσους
595 3984 719 4048 πολλάκις
733 3982 802 4059 γίνε·

22 4063 95 4123 ωσθαι
105 4070 145 4127 καὶ
160 4070 207 4140 τήν
222 4070 406 4146 μεταμελειαν,
416 4078 468 4135 τοῖς
479 4069 506 4126 δέ
517 4071 660 4139 ἀδικηθεῖσι
671 4069 716 4134 τδις
727 4070 803 4150 ὀργάς

49 4153 81 4205 ἐπ’
93 4155 204 4222 ἐξουσίας
216 4156 411 4234 γαλεπωτέρας.
455 4155 617 4236 Ἐρεδρεύιιν
631 4155 659 4214 δέ
677 4157 717 4213 ἀεὶ
736 4158 802 4215 ἐκεί-

49 4260 88 4303 litt
99 4244 181 4320 φιλους
198 4223 244 4302 καλ
256 4252 384 4320 συγγενεῖς
396 4247 447 4301 τῶν
461 4242 642 4316 ἀπολωλότων,
657 4244 700 4301 καὶ
721 4245 802 4317 δῆμον

48 4334 148 4387 τοιοῦτον
177 4323 243 4409 ίιπδρ
266 4331 431 4396 καταλύσεως
456 4324 540 4406 νόμων
564 4329 608 4388 καὶ
632 4331 803 4410 δικαστηρίοιν

49 4418 223 4492 τῑθνμωμένον·
238 4416 302 4476 ὅπου
311 4409 386 4497 κάνή
397 4442 423 4475 τι
433 4416 509 4497 μέρος
520 4419 614 4489 ἐλεοῦν,
628 4418 678 4477 uel
688 4420 802 4487 πλείονος

23 4493 73 4549 “its
84 4502 139 4560 αύτθ
148 4510 195 4562 τοῦ
204 4506 433 4580 διαγανακτοῦντος
448 4507 625 4583 α’ρανισθῆναι.

329 4668 415 4727 ΚΕΦ.
437 4670 478 4727 Δ’.

80 4814 188 4876 Τοιαῦτα
200 4818 248 4894 μὲν
259 4820 402 4878 ἐποίκιλλεν
421 4823 517 4900 ἀθρόως
528 4823 712 4900 δεδισσόμενος.
750 4829 802 4887 Καὶ

50 4894 86 4962 fil
98 4901 180 4968 έξωθεν
196 4907 316 4985 βοήθειαν
328 4908 471 4986 ἀναφανδὸν
484 4910 531 4985 μὲν
540 4912 586 4969 οὐκ
597 4911 698 4989 ἐθάρρει
706 4912 801 4991 λέγειν,

51 4983 184 5055 ᾐνίσσετοδέ
196 4992 255 5060 τοίις
268 4993 436 5071 Ἰδουμαίους.
476 4997 533 5057 Ἵνα
543 4996 570 5055 δὲ
581 5000 626 5056 καὶ
637 4998 695 5065 τοὺς
705 5001 801 5078 ήγεμό-

51 5088 87 5134 sag
96 5079 141 5133 τῶν
160 5082 282 5150 ζηλωτῶν
299 5082 351 5162 lete
371 5082 514 5163 παροξύνῃ,
530 5084 572 5143 τὸν
595 5084 701 5145 Ἄνανον
721 5088 755 5154 αῖς
773 5112 801 5147 τε

25 5153 156 5234 &illumne
173 5167 291 5226 διέόαλλι
304 5170 349 5227 καὶ
361 5172 475 5229 ἀπειλεῖν
489 5172 593 5240 ἐκείνοις
602 5173 735 5253 ἐξαιρέτως
746 5175 801 5235 ε’λε·

49 5261 95 5315 itt·
129 5244 213 5314 Ἦσαν
232 5255 430 5338 δὲἘλεάζαρος
441 5260 494 5325 υίὸς
515 5261 648 5329 Σίμωνος.
665 5264 692 5331 ὃς
712 5263 801 5335 δήκαὶ

498 523 890 587 ornumornum.
912 530 963 590 tv.
987 530 1065 591 CAP.
1087 534 1136 592 IV.

1394 544 1521 626 [ιιηιω]
1566 562 1618 613 ror

45 658 235 735 ,γσρωμμως
254 660 371 727 ἅπαντας
390 661 447 728 τοὺς
458 662 563 741 λγθροὺς
582 668 634 723 τῶν
644 670 708 746 παρ’
723 667 809 733 αὐτοῖς
851 678 959 728 consulta
971 680 1001 741 ab
1018 680 1075 742 ipsis
1095 686 1175 733 essent
1191 684 1334 748 inlelligere,
1348 690 1521 756 rerlslmlleque
1537 702 1586 745 erat
1597 680 1639 747 in*

46 747 229 825 βουλευμάτων,
249 747 420 827 πιθανώτερος
434 749 456 807 δ’
470 751 550 818 ossele
568 743 600 823 ήν
614 751 734 812 Ἰωάννου
745 752 808 831 πρδς
850 766 968 816 neminem
980 769 1138 833 potiusquam
1149 771 1173 821 ln
1184 775 1298 823 loannem
1310 777 1393 829 cadere
1403 794 1472 843 posse
1486 784 1623 845 proditionis

851 856 1018 917 suspicionem.
1036 861 1066 908 ltt
1078 860 1155 922 ipsum
1166 862 1261 924 quidem
1269 865 1411 919 submouere
1419 870 1482 919 lrnud
1492 872 1623 937 iacilecrat,

851 945 878 993 ut
888 944 928 1007 qul
936 944 1025 995 melltta
1035 948 1162 1010 plurimum
1173 952 1274 1015 valeret,
1290 968 1318 1003 ac
1330 960 1442 1018 praeterea
1455 975 1500 1011 non
1516 964 1624 1025 ignobilis

851 1031 928 1091 esset,
941 1032 967 1079 et
985 1032 1115 1083 multomm
1140 1036 1180 1099 qul
1200 1038 1224 1086 in
1242 1042 1366 1091 consilium
1387 1044 1417 1093 de
1435 1060 1528 1097 summa
1544 1063 1623 1100 rerum

850 1115 1034 1181 adhibebantur,
1057 1122 1186 1181 patrocinio
1204 1126 1346 1179 succinctus.
1390 1131 1474 1181 Visum
1495 1138 1532 1182 cst
1554 1134 1623 1195 igilur

850 1201 882 1250 ab
897 1215 926 1252 eo
945 1203 1116 1257 benevolentiae
1138 1210 1207 1259 tidem
1224 1212 1377 1273 iureiurando
1405 1217 1506 1280 exigere.
1539 1225 1625 1272 iurare

848 1286 929 1333 sutem
941 1298 989 1335 non
999 1288 1123 1338 dubitabat
1134 1292 1237 1341 Joaunes
1251 1306 1276 1343 se
1294 1302 1319 1343 ct
1331 1299 1411 1359 populi
1429 1302 1561 1353 studiosum
1573 1304 1623 1353 tore

849 1367 941 1417 etnibii
950 1369 981 1417 ab
996 1383 1025 1419 eo
1034 1373 1169 1423 consultum
1182 1374 1300 1425 tectumve
1311 1378 1412 1429 inimicis
1426 1386 1588 1447 proditurum,
1599 1392 1623 1436 ct

849 1457 898 1503 tam
910 1468 981 1504 manu
993 1471 1065 1519 quam
1077 1460 1229 1512 consilinum
1241 1476 1378 1515 eversurum
1390 1482 1442 1519 esse
1453 1484 1494 1520 eos
1504 1478 1545 1536 qul
1556 1488 1622 1525 arma
1648 1510 1651 1517 »

848 1545 1007 1601 ευιιιμιεεειιι.
1041 1545 1122 1605 ltaque
1136 1550 1232 1595 Anunns
1243 1551 1267 1596 et
1278 1549 1318 1609 qui
1328 1551 1358 1599 ab
1368 1565 1397 1600 ao
1413 1555 1519 1614 stabant,
1531 1558 1576 1607 fide
1585 1560 1621 1620 ju·

849 1624 970 1684 riJurando
980 1627 1074 1690 habita,
1084 1630 1133 1689 jnm
1153 1632 1210 1681 nllrll
1222 1634 1370 1696 suspirantes
1382 1641 1433 1689 suis
1447 1654 1502 1691 erun
1518 1646 1622 1697 consiliis

849 1705 962 1759 luteresse
973 1711 1123 1772 patiebantur·
1142 1734 1147 1761 ι
1171 1715 1219 1763 imo
1235 1722 1259 1766 et
1275 1718 1356 1782 lpsum
1370 1723 1399 1771 sd
1415 1722 1502 1775 zelotes
1521 1728 1621 1790 legatum

849 1794 946 1844 mittunt
965 1798 996 1847 de
1016 1799 1125 1849 sedandis
1142 1799 1274 1853 discordiis.
1308 1810 1367 1857 Nam
1379 1824 1444 1859 curse
1464 1812 1578 1867 illiserat
1593 1832 1623 1866 ne

848 1878 929 1930 taurum
941 1896 1012 1933 suum
1027 1886 1387 1955 pollueretur‚1rerequtsquam
1400 1896 1423 1945 in
1435 1912 1464 1947 eo
1474 1899 1568 1951 caderet
1578 1907 1622 1953 Ju-

847 1964 964 2015 deorum.

880 2056 916 2103 lt.
937 2054 980 2103 llle
995 2068 1052 2106 vero
1062 2059 1132 2119 quasi
1143 2060 1225 2111 zelotis
1244 2076 1272 2112 cx
1287 2078 1330 2114 ειιιι
1340 2066 1505 2121 benevolentia
1519 2075 1623 2135 juravis-

847 2142 897 2201 set,
909 2142 933 2190 et
944 2154 990 2191 non
1003 2146 1150 2208 contraeas,
1162 2161 1238 2211 quum
1252 2150 1280 2199 ad
1298 2152 1350 2202 illos
1360 2154 1480 2215 ingressus
1491 2166 1553 2210 esset
1566 2169 1589 2213 et
1599 2166 1622 2213 lu

849 2226 929 2276 medio
940 2230 1099 2291 constitisset,
1120 2246 1184 2296 soepe
1201 2236 1297 2297 quidem
1318 2240 1449 2291 selllorum
1468 2258 1537 2294 causa
1560 2250 1622 2310 peri·

847 2313 928 2363 culum
947 2314 1034 2366 adiisse
1056 2318 1161 2378 dicebat,
1180 2335 1210 2371 ne
1234 2324 1292 2385 quid
1312 2332 1456 2378 secretorum
1475 2332 1619 2397 ignorarent,

847 2414 902 2463 quae
912 2407 995 2451 contra
1007 2402 1072 2466 ipsos
1086 2406 1185 2456 consilio
1196 2410 1340 2471 agitarentur
1350 2414 1381 2462 ab
1396 2420 1478 2466 llnano
1488 2420 1619 2484 sociisque:

848 2501 912 2536 nuuc
923 2494 1003 2539 autem
1019 2493 1149 2541 marimum
1163 2506 1217 2543 cum
1231 2496 1410 2559 ipsiseminibus
1422 2496 1556 2557 subiturum
1568 2514 1622 2560 essd

846 2574 986 2639 discrimen,
997 2578 1043 2627 nisi
1053 2578 1160 2630 diuinum
1172 2582 1291 2643 quoddam
1307 2590 1394 2648 prmslo
1412 2590 1480 2640 tulerit
1497 2595 1618 2647 sutilium.

847 2665 899 2711 Non
910 2664 1084 2725 ampliarentur
1093 2668 1179 2717 morari
1192 2676 1312 2731 dranum,
1321 2674 1376 2736 sed,
1386 2690 1460 2738 quum
1471 2682 1557 2743 populo
1567 2684 1621 2745 qui·
1697 2675 1698 2679 ¹

847 2747 902 2798 dem
909 2749 934 2799 id
943 2753 1111 2814 persuasisset,
1121 2742 1215 2805 misisse
1224 2757 1312 2819 legatos
1321 2760 1351 2809 ad
1359 2765 1544 2828 Vespasianum,
1554 2773 1579 2818 ut
1591 2770 1621 2818 sd

846 2836 984 2899 capieamm
1000 2840 1120 2891 ciuitatum
1134 2845 1308 2907 quamprimum
1319 2850 1398 2898 senne
1410 2858 1554 2915 properarem
1565 2858 1628 2917 quin

847 2926 873 2972 et
884 2923 1049 2977 lustrationem
1058 2932 1140 2979 contra
1151 2944 1192 2981 eos
1203 2933 1317 2984 indixisse
1326 2936 1349 2984 in
1362 2936 1423 2985 diem
1436 2946 1587 3004 sequentem,
1596 2948 1628 2994 ut·

846 3010 884 3059 uel
894 3010 1029 3073 religionem
1049 3016 1183 3067 simulando
1194 3020 1304 3081 ingressi,
1317 3025 1358 3071 aut
1372 3025 1442 3073 eliam
1455 3040 1496 3089 per
1506 3030 1554 3078 rim
1566 3044 1621 3079 cum

847 3096 877 3145 iis
889 3110 974 3148 menos
988 3107 1144 3154 consererent.
1169 3110 1199 3156 se
1210 3112 1290 3157 sutem
1302 3122 1348 3158 non
1360 3112 1440 3163 sidera
1451 3117 1564 3178 quamdiu
1577 3126 1618 3167 aut
1640 3120 1646 3125 “

846 3182 993 3235 obsidionem
1005 3187 1141 3250 toleraturi,
1152 3195 1195 3240 aut
1206 3204 1261 3241 cum
1273 3194 1308 3243 tot
1326 3200 1444 3261 tantisque
1462 3204 1542 3263 prrelio
1561 3219 1622 3253 con·

846 3273 947 3331 ςιεεειιιῖ
961 3273 1017 3323 slnt.
1048 3278 1078 3325 ss
1096 3280 1175 3326 autem
1194 3278 1320 3339 adjiciebat
1332 3283 1374 3331 Dei
1393 3288 1540 3346 presidentia
1553 3293 1628 3352 quasi·

847 3355 950 3419 legatum
962 3360 1062 3410 missum
1074 3374 1125 3411 esse
1135 3364 1164 3412 ad
1175 3364 1228 3413 lites
1237 3370 1429 3429 componendas:
1444 3374 1561 3424 lrocenim
1572 3392 1626 3439 prce

847 3444 943 3494 ecferre
954 3451 1071 3509 nonnum,
1082 3452 1109 3497 ut
1121 3450 1222 3501 inermes
1233 3454 1297 3515 ipsos
1306 3454 1444 3506 adoriretur.
1462 3464 1544 3524 ltaque
1552 3478 1624 3526 opor.

847 3536 909 3593 lere,
921 3533 941 3581 si
954 3534 1010 3583 ritse
1026 3536 1141 3585 rationem
1153 3537 1279 3599 baberent,
1294 3547 1335 3591 aut
1351 3544 1517 3599 obsidentibus
1533 3553 1620 3613 suppli·

847 3632 913 3681 care,
925 3622 967 3671 aut
979 3621 1162 3691 lorisuaunllium
1178 3626 1224 3676 sibi
1243 3642 1359 3689 quoerere.
1391 3632 1446 3683 lllos
1466 3638 1559 3698 aulem,
1576 3644 1617 3701 qul

847 3706 923 3755 venias
931 3720 982 3769 spe,
990 3708 1010 3757 si
1021 3710 1176 3773 riclituerint‚
1187 3714 1283 3764 sibimet
1289 3716 1423 3779 adulentur,
1433 3722 1620 3787 facinorumqum

846 3793 899 3841 ausi
910 3793 958 3843 alut
971 3794 1033 3843 baud
1046 3798 1195 3858 meminisse,
1211 3804 1252 3851 arrt
1268 3804 1405 3857 existimare
1418 3808 1530 3859 simulac
1545 3814 1620 3865 male-

848 3878 904 3927 θεον
912 3882 1093 3933 commissorum
1105 3886 1252 3947 penituerit,
1267 3892 1346 3951 grauis
1363 3906 1445 3955 passos
1454 3901 1562 3958 oportere
1571 3905 1621 3951 sta·

847 3965 889 4013 tim
901 3979 956 4015 curn
974 3967 1021 4015 illis
1035 3969 1169 4032 ingratiam
1189 3974 1272 4025 redire.
1305 3978 1351 4027 Sed
1371 3980 1508 4042 injuriarum
1524 3988 1620 4048 quidem

846 4056 966 4114 suctores,
978 4054 1071 4105 etiamsi
1083 4060 1246 4121 pmnltcntism
1256 4072 1364 4126 agerent,
1375 4081 1438 4131 saepe
1450 4070 1542 4122 inrlsos
1552 4088 1603 4124 esse
1613 4054 1634 4124 :¹

847 4138 976 4202 laesusque,
989 4142 1008 4191 si
1025 4148 1166 4205 potestatem
1180 4150 1242 4199 nacti
1256 4151 1357 4213 tuerint,
1370 4155 1404 4204 ira
1417 4158 1491 4217 magis
1502 4163 1620 4211 armade-

847 4238 920 4276 scere.
955 4228 1018 4286 Quin
1030 4231 1107 4282 stillis
1119 4247 1213 4296 semper
1225 4237 1349 4287 imminere
1359 4254 1476 4291 caesorum
1484 4247 1572 4295 amicos
1582 4262 1618 4296 co·

845 4318 991 4375 quintosque,
1005 4321 1030 4367 et
1042 4322 1131 4367 tantam
1149 4321 1228 4383 populi
1245 4324 1419 4377 multitudinem
1429 4342 1457 4378 ειι
1469 4329 1546 4391 legum
1553 4334 1620 4395 J'udl·

846 4402 984 4466 clorumque
993 4406 1145 4457 dissolutione
1158 4410 1226 4459 ualde
1243 4414 1355 4463 irritatam
1367 4430 1372 4463 :
1383 4418 1407 4464 ln
1419 4430 1466 4478 qua
1482 4420 1501 4465 si
1513 4420 1553 4480 qui
1571 4420 1618 4469 lue·

845 4488 1052 4541 rintmlseratione
1067 4497 1193 4555 commoti,
1209 4498 1258 4545 lieri
1270 4505 1296 4547 ut
1317 4501 1399 4562 majori
1413 4503 1498 4552 corlant
1516 4506 1616 4559 trascen-

846 4576 905 4623 tium
918 4578 1004 4627 turtum.

1113 4687 1192 4746 one.
1215 4690 1264 4747 ιν.
1290 4691 1377 4766 (ιν.)

876 4840 940 4889 Talia
949 4843 1044 4904 quidem
1053 4846 1117 4895 vaire
1128 4849 1307 4900 comminiscens
1324 4858 1435 4902 terrorem
1452 4856 1567 4908 rrnlrersts
1583 4862 1617 4910 in·

845 4926 957 4976 cubabat.
992 4934 1021 4979 Et
1043 4932 1161 4993 quodnam
1179 4936 1239 4985 toret
1257 4942 1380 4987 externum
1405 4942 1533 5005 soritium,
1548 4945 1618 5008 plano

834 5013 943 5076 'quidem
961 5023 985 5067 et
1004 5025 1084 5081 aperte
1103 5020 1180 5072 dicere
1200 5037 1246 5073 non
1266 5025 1381 5089 audebat,
1406 5029 1523 5081 ldumaecs
1538 5040 1617 5082 autem

845 5102 967 5153 iunuebat.
1000 5108 1087 5155 Verum
1105 5113 1131 5157 ut
1149 5110 1262 5171 primores
1281 5112 1409 5165 aelotsrum
1420 5119 1528 5179 priuatim
1545 5120 1616 5167 ctiam

845 5197 1018 5252 commoreret,
1036 5194 1173 5245 traducebat
1190 5199 1298 5248 lnanur'n
1316 5204 1342 5250 ut
1361 5202 1493 5261 crudelem,
1513 5216 1615 5265 eumque

845 5276 891 5324 illis
920 5281 1038 5342 precipue
1063 5282 1138 5331 minas
1165 5284 1277 5345 intentare
1303 5288 1401 5337 dicebat.
1440 5293 1511 5343 Erant
1535 5296 1621 5351 ουίυιιι
