3825 6059
171 446 1531 491 “md-⁴⁴⁴«nuddffldfflGfflflfl-«nssfl1nmffl

316 742 763 962 rnAErlrro
805 821 882 959 G.
928 820 1378 957 nrunormn.
1430 857 1433 866 ,

218 1768 363 1868 losephi
379 1794 486 1869 opera
502 1782 690 1869 postquam
707 1766 877 1867 proximis
894 1784 975 1866 post
986 1767 1170 1839 ¹inventam
1185 1784 1298 1841 artem
1319 1769 1549 1869 typographi·

176 1916 250 1963 eam
271 1890 492 1988 temporibus
510 1888 698 1987 plusquam
717 1890 823 1961 vicies
844 1890 966 1960 Latine
982 1888 1077 1961 edita
1095 1904 1231 1977 essent,
1250 1893 1374 1961 Graece
1392 1891 1562 1989 primum·

174 2011 385 2108 pmdierunt
399 2008 537 2081 Basilere
565 2033 595 2080 a.
620 2006 708 2095 1544
729 2033 835 2105 opera
857 2010 1008 2083 Amoldi
1026 2011 1184 2107 Peraxyli
1199 2012 1350 2100 Arlenii,
1364 2011 1551 2086 cbdioibut

175 2158 216 2203 ex
234 2132 367 2231 quibus
385 2130 574 2203 ederentur
595 2155 668 2202 non
688 2130 882 2227 prudenter
903 2130 1068 2221 delectis,
1089 2132 1168 2222 sed,
1185 2149 1227 2204 ut
1256 2131 1389 2206 ferebat
1408 2134 1551 2206 illorum

177 2267 378 2349 temporum
397 2251 433 2321 in
453 2264 526 2321 arte
541 2250 661 2319 critica
674 2248 838 2339 infantia,
857 2254 1021 2324 omnium
1038 2280 1152 2353 prope
1166 2256 1232 2353 qni
1249 2255 1368 2326 adhuc
1381 2258 1551 2328 innotue·
1643 2267 1647 2275 “

176 2390 260 2445 runt
276 2371 503 2469 nequissimis
517 2372 675 2467 arreptis.
692 2376 740 2442 Ea
757 2370 866 2443 editio
883 2390 1074 2472 postquam
1091 2375 1280 2473 aliquoties
1298 2348 1385 2448 alibi
1404 2378 1553 2475 repetita

172 2508 284 2582 esset,
300 2488 489 2563 levissimis
506 2489 604 2561 factis
619 2492 895 2580 mutationibus,
915 2495 1052 2591 primus
1071 2496 1133 2591 qui
1149 2494 1270 2591 pau-llo
1291 2491 1552 2591 diligentiorem

175 2616 211 2687 in
232 2616 304 2687 boc
322 2614 493 2709 scriptore
507 2634 650 2709 operam
669 2628 817 2709 poneret
833 2618 986 2686 loannes
1006 2616 1199 2687 Hudsonus
1223 2618 1374 2705 exstitit,
1393 2615 1457 2717 qui
1477 2621 1552 2691 non

172 2733 294 2807 solum
323 2756 452 2837 nouam
474 2733 803 2830 interpretationem
822 2736 983 2820 Latinam
1007 2734 1178 2823 confecit,
1196 2736 1381 2809 sedetiam
1398 2737 1554 2809 melioris

174 2852 271 2929 notae
296 2852 507 2952 exemplaria
530 2856 786 2952 manuscripta,
806 2857 899 2928 inter
921 2880 1000 2953 quaa
1023 2858 1184 2929 eminent
1207 2860 1380 2931 Vossiana
1401 2860 1554 2935 leiden-

175 2979 224 3050 sia
233 3033 242 3069 ,
263 2977 475 3074 conquirere
492 2978 615 3073 coepit,
631 3000 785 3075 quorum
801 3002 870 3077 ope
884 2980 1072 3050 innumera
1084 2978 1232 3079 quidem
1248 2982 1410 3079 priorum
1425 2980 1555 3057 editio·

176 3126 260 3173 num
281 3100 367 3170 vitia
379 3100 529 3169 correxit
541 3100 578 3170 in
594 3098 752 3170 editione
760 3099 955 3172 Oxoniensi
971 3124 1001 3169 a.
1019 3122 1125 3197 1720,
1140 3100 1202 3171 sed
1219 3101 1323 3198 longe
1337 3101 1491 3199 plurima
1503 3118 1556 3179 ta·

173 3244 259 3293 men
276 3220 353 3291 aliis
368 3219 503 3315 agenda
516 3220 670 3316 reliquit.
686 3219 824 3306 Quibus
842 3218 1067 3317 perficiendis
1084 3236 1231 3317 prorsus
1245 3222 1420 3317 imparem
1430 3243 1470 3295 se
1481 3248 1557 3323 gu·-

172 3341 221 3410 sit
247 3340 312 3437 qui
341 3340 537 3410 editionem
555 3338 822 3409 lludsonianam
842 3338 993 3411 utilibus
1012 3340 1271 3439 inutilibusque
1294 3342 1558 3422 secessionibus

172 3478 319 3533 auctam
338 3486 396 3533 sex
418 3461 521 3531 annis
536 3476 619 3557 post
633 3460 796 3555 Lugduni
812 3464 1028 3533 batavorum
1043 3464 1208 3561 repetivit
1225 3462 1409 3560 sigbertus
1432 3465 1560 3544 flaret»

171 3610 343 3682 campus,
359 3583 440 3655 licet
456 3605 529 3655 non
545 3581 661 3653 solum
676 3580 807 3653 eedem
820 3607 948 3655 omues
960 3606 1042 3681 quae
1056 3584 1231 3659 Hudsono
1247 3600 1376 3683 praesto
1394 3587 1428 3662 et
1440 3603 1561 3665 eunt

174 3706 355 3779 librorum
363 3708 446 3775 Μεεη
461 3704 586 3801 copie,
600 3703 662 3775 sed
676 3726 775 3775 novre
783 3704 887 3775 etiam
895 3719 931 3777 et
945 3706 1079 3779 eximiae
1094 3718 1332 3805 suppeterent.
1343 3710 1424 3787 Post
1436 3712 1560 3787 aare

172 3851 347 3925 campum
363 3828 427 3924 qui
445 3823 590 3929 losephi
612 3850 720 3923 opera
738 3828 932 3922 attigerunt
949 3825 1041 3901 duos
1058 3844 1197 3901 tantum
1214 3830 1360 3905 invenio
1381 3854 1471 3929 quos
1489 3828 1562 3907 lroe

173 3948 260 4021 looo
274 3970 469 4019 memorem
479 3946 562 4018 clari
577 3946 734 4017 nominis
752 3947 865 4034 viros,
880 3947 1031 4021 alterum
1043 3954 1096 4023 lo.
1109 3958 1196 4047 Aug.
1213 3949 1431 4037 Ernestium
1443 3954 1561 4057 qui-i·

176 4071 441 4167 Antiquitatum
459 4060 685 4141 ludaioarum
696 4065 806 4153 ¹libris
826 4069 938 4141 multa
956 4074 1093 4169 egregie
1107 4073 1310 4147 emendarit
1327 4076 1366 4149 in
1385 4074 1561 4149 obm-

91 4186 95 4197 ’
173 4198 343 4269 tionibus
351 4210 430 4291 post
443 4209 594 4267 mortem
609 4194 685 4289 ejus
700 4193 804 4265 editis
817 4218 846 4267 a.
870 4192 971 4293 1795,
994 4194 1145 4267 alterum
1160 4194 1222 4269 ad.
1236 4195 1484 4285 Cardwellum,
1496 4200 1561 4295 qui

175 4318 266 4392 uelli
280 4318 418 4389 ludaioi
431 4316 615 4389 historiam
627 4314 732 4411 longe
742 4330 850 4414 quam
865 4316 983 4389 adhue
997 4316 1176 4389 ferebatur
1187 4314 1561 4395 emendariuemorm
1649 4413 1653 4419 Ι

173 4440 304 4539 amplo
317 4440 551 4511 vetustiorum
569 4437 736 4511 codicum
755 4454 922 4535 apparatu
942 4439 1074 4512 Oxonii
1090 4438 1202 4513 edidit
1218 4466 1248 4515 a.
1273 4440 1373 4536 1837.
1389 4443 1443 4515 Eo
1456 4431 1563 4537 igtur

173 4564 213 4635 in
233 4564 320 4635 loco
331 4571 446 4661 'quum
460 4584 536 4631 rem
550 4584 627 4631 esse
638 4558 775 4631 videret
791 4559 1052 4632 eruditissimus
1071 4559 1180 4655 hujus
1195 4561 1423 4639 bibliothecae
1433 4558 1562 4647 editor,
1690 4610 1693 4616 .

175 4685 304 4758 Ambr.
315 4686 351 4756 F.
366 4678 487 4771 Didot,
503 4680 706 4778 nullamque
717 4704 795 4778 quae
819 4682 930 4777 repeti
944 4696 1065 4779 posset
1079 4680 1274 4753 editionem
1288 4682 1408 4754 omnia
1419 4680 1563 4778 tosephi

173 4808 316 4907 scripta
331 4804 626 4900 complectentem
643 4800 835 4889 inveniret,
852 4823 918 4900 ego
936 4802 1114 4899 exemplar
1133 4800 1455 4873 Hudsonianumei
1475 4826 1563 4874 con-

171 4929 287 5014 cessi,
303 4926 404 5021 cujus
424 4925 461 4995 in
479 4923 699 5020 marginibus
709 4924 861 5021 plurima
879 4923 1026 5020 vulgata
1040 4924 1202 4995 lectionis
1216 4925 1300 4994 vitia
1319 4948 1361 4993 ex
1379 4924 1564 4997 codicibus

172 5048 474 5134 emendaturam,
490 5045 556 5115 alia
571 5069 611 5115 ex
627 5044 841 5140 conjecturis
857 5045 910 5116 vel
929 5045 1080 5117 aliorum
1095 5047 1147 5116 rel
1171 5047 1258 5117 meis
1278 5068 1513 5129 correxeram,
1527 5044 1565 5113 li-

174 5188 236 5245 cet
256 5171 354 5241 bene
375 5168 540 5239 sentirem
569 5189 676 5261 quam
695 5166 800 5261 longe
830 5166 904 5236 herc
931 5168 1050 5235 omnia
1071 5168 1116 5237 ab
1136 5192 1176 5237 ea
1202 5168 1319 5237 absint
1348 5164 1564 5266 perlectioue

1417 5320 1438 5359 a
