3825 6059
241 396 297 447 coo
339 385 486 461 (ιιιιιιιιη
681 385 758 443 ror
779 385 878 446 torn.
901 385 1088 443 nonenor
1110 387 1202 449 ιιιυι.
1224 390 1255 451 c.
1281 388 1369 449 secr.
1391 390 1422 445 ι.
1700 399 1810 465 [seer

240 542 252 566 ι
267 511 452 592 ίνιργούμενας
467 516 521 576 Νῦν
542 512 565 577 δ’
585 513 698 592 ἔγνωσαν
711 513 751 571 ὅτι
774 516 811 573 δεῖ
821 502 916 572 Ιδοῦναι
939 513 1012 577 δίκας
1059 542 1072 569 c
1083 536 1146 571 nunc
1158 524 1315 586 resciverant,
1330 524 1385 586 quia
1398 523 1526 573 facinorum
1538 522 1654 585 supplicio
1673 524 1754 573 luendo
1769 527 1820 588 ipsis

240 628 253 653 ε
268 606 319 659 τῶν
332 601 545 676 τετολμημένων·
563 599 609 664 ἕως
623 601 645 657 δ’
667 593 733 671 ἦσαν
749 602 829 666 ἀδεεῖς
842 601 929 671 αὐτοὶ,
944 622 1011 678 repo-
1060 636 1071 657 ι
1084 619 1187 675 sonim!
1196 617 1309 679 tantisper
1318 616 1375 666 duro
1389 617 1446 665 nillil
1458 621 1522 665 esset
1531 616 1593 678 quod
1605 624 1747 676 uererentur,
1758 634 1823 668 nemo

240 717 252 740 ¹
267 690 342 759 δόῑητ
355 694 430 763 ἡμῶν
447 688 527 753 οὐδεὶς
549 685 724 747 ὑπωπτεύετο·
768 690 801 746 Ιῖἷ
815 686 842 744 δὲ
856 687 898 745 ἐπὶ
912 688 955 744 τὸν
968 689 1014 757 δῆ-
1060 712 1194 757 «nostrum
1211 710 1237 757 in
1256 709 1393 771 proditionis
1405 710 1564 771 suspicionem
1573 710 1690 759 veniebat
1722 714 1821 762 sturero

241 797 318 852 «μον
330 775 485 854 ἀναφέρουσι
494 774 540 844 τήν
555 772 650 843 αίτίαν,
662 776 686 829 ἐν
696 779 797 856 φανερῷ
810 774 934 839 δήπουθεν
945 773 1016 832 ἔθου·
1065 820 1078 845 c
1092 801 1116 849 j„
1134 802 1246 866 pompm„
1261 802 1354 865 cuppam
1365 802 1643 865 mpjrepnp‚ppoend.1m
1662 806 1824 868 „spatam
1883 792 1884 817 ¹

215 888 229 925 ι
243 890 254 913 ·
269 862 409 939 λιύιιιιι(
415 860 495 926 οὐδεὶς
507 858 556 939 γὰρ
564 858 704 917 ἀπεστάτει
715 865 760 929 τῆς
770 860 937 935 ἐκκλησίαι),
948 858 1015 918 ὥστε
1062 895 1117 945 «ιιι
1127 909 1152 945 ιι
1162 896 1304 946 deliberasse
1319 898 1328 958 ς

241 977 253 999 r
265 950 356 1026 τάχιον
370 948 401 1006 ἂν
414 952 459 1018 τῆς
473 945 606 1023 μηνύσεως
616 945 739 1007 ἔσπευσεν
753 952 769 1017 ἡ
784 947 858 1026 φήμη
873 948 936 1023 πρὸς
948 952 1017 1021 ὑμᾶς
1063 1009 1074 1031 α
1089 989 1150 1038 [Μ

1331 910 1400 946 nemo
1411 899 1472 947 enim
1485 898 1567 947 oberat
1584 900 1712 961 concilio),
1721 900 1820 962 adeoque

1169 989 1315 1039 manifestior
1331 992 1438 1053 quolibet
1450 992 1536 1041 indicio
1545 994 1646 1041 celerius
1655 993 1684 1041 ad
1698 1006 1739 1042 ινιε
1752 1009 1826 1057 perre-
1883 974 1884 1019 ¹

1063 1104 1074 1125 u
1087 1084 1169 1133 nisset.
1203 1084 1265 1142 Quid
1283 1086 1356 1133 reru?
1367 1100 1445 1135 nurrrre
1456 1092 1481 1134 ct
1497 1088 1585 1145 leuatus
1604 1090 1697 1137 mittere
1712 1088 1827 1151 oportebat

244 1235 255 1257 Ι
270 1208 367 1281 mode,
384 1209 541 1266 εἰπάτωσαν·
583 1204 661 1263 Ἀλλὰ
677 1212 753 1264 τοῦτο
775 1206 821 1282 μὲν
837 1188 1017 1265 Mel-muln·
1063 1177 1827 1243 «adparitoressonciendasletquisdesignatuslneril‚dicant.
1883 1210 1884 1223 ι

207 1313 230 1351 ιο
244 1322 256 1346 ι
270 1294 380 1353 τωνκαῖ
394 1293 504 1365 πλησίον
519 1291 654 1359 adsarcire
672 1293 797 1370 τιμωρίας
811 1292 1016 1376 διακρουομένων
1063 1271 1288 1377 ὠθᾱὴωδυωδω
1301 1272 1560 1376 ¹⁰¹¹⁶¹¹¹¹¹e¹¹¹¹¹¹¹¹¹¹¹¹¹¹
1573 1276 1689 1379 ¹⁰¹¹¹¹¹¹¹¹¹⁶
1698 1278 1829 1337 mmmd-

244 1409 257 1434 ι
268 1381 361 1459 “We
374 1384 452 1442 m·
495 1378 590 1456 Εγγρρ
606 1378 637 1449 δὴ
652 1378 696 1436 καὶ
710 1382 865 1459 προδοθῆναι
882 1380 1018 1451 mamm
1064 1372 1138 1415 utare
1152 1370 1298 1429 cupientium
1309 1372 1456 1415 causationes
1466 1370 1531 1423 sunt.
1565 1369 1831 1425 Quruelrarnsicirita-

245 1496 257 1521 ι
268 1468 403 1548 εἵμαρται,
414 1468 505 1543 μόνους
519 1465 550 1523 ἂν
561 1467 691 1539 τολμῆσαι
702 1466 747 1523 καί
758 1471 833 1526 τοῦτο
844 1466 901 1534 τοὺς
911 1468 1019 1526 trudeli-
1064 1479 1076 1504 ιι
1088 1463 1136 1509 tem
1148 1459 1267 1525 proditum
1281 1460 1308 1507 iri
1318 1460 1342 1508 in
1355 1459 1408 1509 latis
1420 1465 1495 1519 esset,
1507 1458 1532 1509 id
1543 1473 1638 1521 quoque
1649 1460 1780 1521 ipsossolos
1789 1462 1832 1521 qui

245 1582 256 1607 ,
270 1557 377 1624 χωρας,
388 1546 424 1612 ὦ,
438 1557 491 1618 τοῖς
502 1550 668 1628 τολμήμασιν
683 1552 709 1609 ἓν
723 1553 800 1629 μόνον
811 1553 910 1624 λείπει,
924 1555 1018 1634 προδο.
1064 1574 1075 1597 ιι
1089 1566 1133 1603 uos
1142 1554 1294 1605 criminantur
1304 1566 1403 1604 ausuros
1413 1566 1478 1613 csso,
1491 1567 1593 1616 quorum
1605 1553 1748 1603 facinoribus
1761 1568 1833 1603 unum

242 1064 254 1087 ι
271 1034 444 1116 φανερωτέρα.
484 1033 521 1093 Τί
534 1032 574 1105 δός
597 1033 656 1111 oripi
676 1035 721 1091 καὶ
739 1034 858 1119 πρέσόεις
872 1034 923 1100 ἔδει
943 1034 1013 1108 πέμ-

244 1149 255 1173 s
269 1145 326 1179 πειν
340 1120 529 1201 ψηφιουμένους
540 1120 586 1185 τδς
600 1115 742 1189 διαλύσεις;
764 1121 808 1183 irai
819 1120 857 1186 τίς
872 1126 886 1177 θ
899 1144 1015 1201 perporo-

245 1669 257 1694 ι
273 1642 326 1699 σία.
366 1639 426 1717 xpi
441 1639 468 1697 δλ
482 1642 566 1715 ὑμᾶς,
580 1638 720 1719 ἐπειδήπερ
737 1640 807 1708 dccci
823 1641 936 1721 πάρεστε
953 1639 1020 1716 μετὰ

208 1747 232 1786 tt
247 1755 259 1781 ι
274 1733 325 1787 τῶν
339 1727 437 1798 ὅπλων,
453 1724 544 1801 τὸμὲν
565 1725 734 1798 δικαιότατον,
748 1729 856 1803 ἀμύνειν
869 1731 901 1805 τῆ
919 1750 1020 1807 μητρο-

247 1842 260 1865 ι
274 1812 365 1884 πόλει,
380 1814 425 1872 καὶ
439 1812 592 1892 συνιξαίραιν
606 1813 665 1879 τοὺς
681 1813 715 1871 τθ
736 1814 890 1894 δικαστήρια
902 1813 1018 1873 καταλύ-

248 1928 260 1951 ι
273 1924 367 1967 σαντας
392 1900 543 1980 τυράννους,
559 1900 586 1958 οἳ
610 1900 773 1970 πατήσαντες
791 1901 849 1968 τοὺς
866 1899 960 1979 νόμους
978 1901 1021 1958 ἐπί

250 2015 261 2039 ι
275 1993 327 2053 τοῖς
341 1990 425 2044 αὑτῶν
440 1985 521 2066 ξίφεσι
534 1986 688 2057 πεποίηνται
702 1986 749 2053 cd<
768 1988 872 2068 κρίσεις.
910 1985 1020 2064 Ἀνδρας

248 2102 260 2127 ι
274 2079 334 2151 γοῦν
349 2073 547 2147 ἀκαταιτιάτους
557 2077 608 2136 τῶν
620 2076 750 2154 ἐπιφανῶν
765 2077 794 2133 ίκ
808 2074 889 2151 μέσης
902 2077 1022 2151 τῆςάγο·

208 2182 260 2222 tou
277 2172 321 2241 ρᾶς
335 2162 496 2237 ἁρπάσαντες
516 2162 619 2235 δεσμοῖς
632 2185 661 2219 τε
674 2162 867 2241 προσῃκίσαντσ
888 2161 933 2219 καὶ
953 2160 1020 2237 μηδὲ

248 2277 262 2305 ι
274 2248 359 2330 φωνήν
371 2246 436 2325 μηδὲ
448 2248 545 2315 ίκεσίαν
555 2247 728 2325 άνααχόμενοι
740 2247 893 2329 διέφθειραν.
915 2248 1022 2317 Ἔξεστι

249 2364 260 2387 ι
276 2337 299 2393 δ’
308 2336 545 2414 θμῖνπαρςλθοῦσιν
554 2333 615 2395 εἴσω
624 2334 660 2410 μὴ
673 2334 787 2411 πολέμου
798 2336 869 2414 νόμῳ
880 2335 1022 2393 θεάσασθαι

248 2450 260 2475 ι
272 2424 304 2481 τὰ
314 2422 443 2502 τεκμήρια
455 2426 505 2481 τῶν
515 2422 671 2501 λεγομένων,
678 2422 761 2489 οἴκους
772 2423 957 2500 ἠρημωμένους
968 2424 1025 2488 ταῖς

248 2540 261 2565 ιι
275 2511 377 2579 ἐκείνων
393 2511 536 2589 ἁρπαγαῖς,
554 2508 598 2566 καί
614 2509 706 2585 γύναια
724 2509 769 2567 καί
787 2508 874 2584 γενεάς
891 2513 941 2566 τῶν
957 2512 1022 2567 άπε-

212 2622 235 2662 ,ς
251 2627 263 2651 ιι
278 2596 431 2679 σφαγμένων
444 2594 690 2671 μελανειμονούσας,
705 2597 818 2660 κωκυτὸν
834 2594 861 2653 δὲ
875 2596 920 2661 καὶ
932 2600 1023 2674 θρῆνον

255 2722 268 2746 ι
280 2676 329 2742 ἀνθ
342 2683 390 2760 τήν
405 2682 479 2747 πόλιν
492 2682 564 2752 δ’λην,
586 2683 678 2747 Οὐδείς
687 2682 736 2762 γὰρ
749 2683 817 2741 ἔστιν
828 2683 854 2748 θς
865 2686 894 2741 οὐ
904 2682 1024 2759 γε’γευται

250 2804 264 2833 ιι
278 2776 323 2841 τῆς
333 2776 383 2828 τῶν
397 2769 506 2829 ἀνοσίων
515 2770 689 2847 καταδρομῆς·
698 2767 724 2825 οἵ
731 2793 760 2845 γε
773 2770 817 2827 ἐπὶ
828 2774 953 2828 τοσοῦτον
962 2770 1024 2837 ἐξά)-

255 2860 365 2915 ικειλαν
387 2856 520 2925 ἀπονοίας,
541 2854 609 2913 ὥστε
628 2855 664 2931 μή
681 2854 757 2931 μόνον
771 2856 801 2912 ἐκ
818 2860 864 2926 τῆς
877 2854 964 2935 χώρας
978 2858 1023 2915 καὶ

251 2971 263 2994 ι
278 2948 331 3001 τῶν
341 2942 431 3011 ἔξωθεν
441 2942 541 2999 πολεων
553 2941 597 2998 ἐπὶ
609 2942 638 2999 ri
646 2940 783 3020 πρόσωπον
793 2941 837 2999 καὶ
849 2940 895 3011 τήν
909 2942 1024 3022 κεφαλὴν

214 3060 241 3097 30
251 3059 264 3084 ι
279 3032 340 3088 dimo
358 3034 403 3088 τοῦ
423 3029 507 3095 ἔθνους
522 3030 681 3106 μετενεγκεῖν
697 3028 744 3099 τήν
758 3029 898 3107 λῃστρικὴν
916 3030 1025 3105 τόλμαν,

251 3146 263 3171 ι
279 3116 347 3176 ἀλλὰ
359 3116 404 3174 καὶ
415 3116 518 3186 άπδτῖής
530 3114 629 3181 πόλεως
640 3116 683 3174 ἐπὶ
697 3116 726 3173 τὸ
740 3117 815 3195 ἱερόν.
844 3114 1023 3196 Ὁρμητήριον

251 3234 263 3258 ι
276 3210 336 3282 γοῦν
351 3204 435 3268 αὐτοῖς
457 3208 531 3261 ’τοῦτο
550 3202 595 3260 καί
614 3196 901 3283 serape-(bromede
924 3226 951 3259 τε
974 3200 1025 3260 τῶν

252 3320 265 3345 ι
278 3294 396 3368 ἐφ’ήμῖῖς
405 3292 577 3370 παρασκευῶν
588 3288 700 3367 γέγονεν.
741 3289 775 3348 Ὁ
789 3287 816 3346 δὲ
826 3290 877 3346 ὑπὸ
888 3294 932 3358 τῆς
942 3290 1026 3346 οἰκου-

252 3406 263 3431 ι
279 3378 357 3455 μένης
370 3375 589 3457 προσκυνούμενος
601 3380 685 3456 χῶρος
701 3377 746 3434 καί
767 3378 818 3441 τοῖς
832 3376 885 3432 άπὸ
908 3377 1026 3453 περάτων

167 3463 170 3467 ’
212 3495 238 3533 ρ,
253 3471 325 3542 ιγ’ἠς
339 3463 490 3545 ἀλλοφύλοις
507 3467 573 3540 ἀκοῇ
587 3463 771 3538 τετιμημένος,
796 3460 846 3520 ὑπὸ
866 3458 917 3519 ’τῶν
937 3485 1026 3538 παροι-

253 3552 449 3629 ιγιννηθέντιιιν
475 3548 564 3607 ἐνθάδε
594 3548 688 3626 θηρίων
717 3556 916 3607 καταπατεῖται.
956 3552 1026 3607 Νεα·

254 3638 405 3696 ινιεάονται
416 3638 439 3693 δ’
450 3640 476 3693 ἔν
492 3637 548 3701 ταῖς
566 3635 742 3712 ἀπογνώσεσιν
757 3635 790 3706 ήδ
813 3680 820 3704 ,
835 3634 931 3710 δήμους
941 3642 969 3692 τε
981 3633 1026 3704 δή·

256 3747 336 3802 ιμσις
357 3724 401 3781 καὶ
426 3722 514 3787 πόλεις
541 3721 633 3778 πόλεσι
654 3721 812 3799 συγκρούειν,
829 3721 874 3780 καί
889 3722 956 3781 κατὰ
976 3727 1025 3779 τῶν

256 3840 267 3861 ι
282 3810 352 3868 ἰδίων
362 3808 519 3885 σπλάγχνων
540 3808 570 3865 τὸ
589 3808 658 3883 ἔθνος
682 3812 872 3887 στρατολογεῖν.
914 3810 980 3867 ’eiad'
991 3800 1026 3865 ὧν

214 3924 242 3962 40
254 3925 266 3949 ι
281 3895 369 3971 τὸμὲν
385 3894 522 3954 κάλλιστον
536 3895 581 3952 καί
597 3894 703 3974 πρέπον,
715 3899 749 3960 ὡς
766 3894 839 3974 ἔφην,
853 3897 923 3971 ὑμῖν,
938 3896 1025 3962 συνεξ*

255 4013 266 4037 ι
281 3986 362 4063 αι’ριιν
379 3981 435 4047 τοὺς
456 3981 612 4060 ἀλιτηρίους,
632 3982 677 4039 καί
694 3980 758 4060 ὑπὲρ
777 3985 856 4051 αὐτῆς
869 3987 915 4051 τῆς
927 3982 1027 4053 ἀπάτης

255 4066 468 4145 «ἀμυνομένους,
490 4065 529 4123 ότι
547 4066 700 4143 συμμάχους
722 4067 869 4144 ἐτόλμησαν
883 4069 971 4132 καλεῖν
985 4067 1028 4134 οθς

255 4186 267 4208 ι
281 4157 333 4215 ἔδει
345 4154 474 4233 τιμωροὺς
483 4153 601 4213 δεδιέναι.
643 4156 675 4211 Ei
688 4151 715 4209 δὲ
729 4156 840 4211 αἰδεῖσθε
854 4152 899 4219 τθς
910 4158 961 4211 τῶν
974 4178 1027 4212 τοι·

256 4273 267 4296 ι
282 4244 363 4305 οότων
373 4240 534 4311 ἐπικλήσεις,
545 4238 612 4297 ἀλλά
623 4258 662 4297 τοι
672 4241 781 4318 πάρεστι
791 4240 904 4316 θεμένοις
914 4238 948 4297 τά
960 4240 1028 4299 όπλα

216 4356 242 4394 tt
257 4360 269 4383 ιι
281 4330 325 4389 καὶ
347 4329 517 4408 παρελθοῦσιν
533 4329 569 4392 είς
586 4326 633 4396 τήν
654 4330 728 4383 πολιν
748 4328 866 4406 σχήματι
888 4330 1028 4405 συγγενῶν,

162 4422 168 4429 ’
256 4448 267 4472 ι
281 4414 455 4474 άναλαόεῑντδ
465 4413 543 4494 μέσον
554 4414 699 4492 συμμάχων
709 4416 788 4472 τεκαὶ
799 4414 928 4491 πολεμίων
936 4414 1027 4493 ὄνομα,

256 4532 268 4553 ι
282 4505 402 4569 δικαστὰς
415 4504 572 4579 γενομένους.
617 4499 707 4561 Καίτοι
718 4502 855 4578 λογίσασθε
866 4502 945 4561 πόσον
961 4526 1027 4582 κερ-

258 4619 269 4640 ιι
282 4592 401 4657 δήσουσιν
412 4591 448 4669 ἐφ’
456 4587 667 4667 ὁμολογουμένοις
676 4589 721 4647 καὶ
736 4589 893 4660 τηλικούτοις
908 4591 1028 4669 κρινόμε-

238 4700 269 4731 r·
283 4700 319 4733 νοι
333 4680 392 4750 παρ’
409 4680 468 4751 ὑμῖν
482 4680 505 4733 σί
525 4679 577 4742 τοῖς
589 4678 780 4742 ἀκαταιτιάτοις
804 4676 868 4752 μηδὲ
888 4678 964 4754 λόγου
981 4700 1028 4752 με-

218 4762 408 4827 concelebres.
452 4762 665 4838 Λαμόανέτωσαν
693 4766 715 4821 δ’
740 4755 783 4820 οθν
806 4762 902 4835 ταύτην
924 4764 954 4820 ἐκ
982 4766 1028 4833 τῆς

258 4879 268 4901 ι
284 4847 409 4925 ὑμετέρας
421 4848 527 4926 ἀφίξεως
541 4849 588 4920 τὴν
601 4851 686 4929 χάριν.
729 4852 762 4909 Ei
777 4850 803 4907 δὲ
815 4850 873 4908 οὔτε
883 4874 1027 4927 συναγανα·

257 4967 269 4990 ι
281 4938 349 4995 κτεῖν
372 4937 434 5010 ἡμῖν
454 4934 512 4991 οὔτε
525 4936 620 5013 κρίνειν
634 4940 719 5013 δοκεῖ,
740 4937 826 5017 τρίτον
847 4939 900 4994 ἐστὶ
921 4942 1029 4995 καταλι-

258 5055 269 5079 ι
283 5026 339 5085 πεῖν
352 5022 500 5103 ἑκατέρους,
513 5022 556 5078 καί
570 5024 635 5098 μήτε
644 5025 700 5089 ταῖς
712 5023 850 5103 ἡμετέραις
864 5022 1028 5099 ἐπεμόαίνειν

259 5113 425 5197 οσυμφοραῖς
452 5107 517 5183 μήτε
542 5112 593 5174 τοῖς
615 5108 756 5175 ἐπιῆούλοις
778 5114 823 5179 τῆς
847 5108 1029 5183 μητροπόλεως

1065 1666 1077 1689 r
1090 1649 1181 1697 tantum
1191 1646 1258 1696 deest
1269 1646 1372 1707 malum,
1382 1647 1492 1709 proditio.
1516 1649 1656 1696 vosautem
1666 1652 1758 1709 oportet
1764 1682 1771 1706 ‚
1778 1648 1834 1709 quia

1066 1762 1078 1784 ι
1093 1741 1166 1791 semel
1178 1754 1233 1789 cum
1245 1741 1317 1789 cruris
1337 1739 1439 1800 adestis,
1451 1739 1584 1792 sultsilium
1595 1740 1673 1803 (quod
1688 1740 1780 1803 quidem
1793 1734 1835 1801 io-

1066 1851 1078 1873 «
1091 1832 1222 1880 stissimum
1230 1832 1275 1890 cst)
1286 1831 1409 1893 metropoli
1422 1830 1491 1890 terre,
1502 1837 1527 1879 et
1536 1844 1582 1882 ιιιια
1592 1830 1715 1882 nobiscum
1724 1836 1833 1893 tyrannos

1066 1945 1078 1967 ι
1090 1925 1186 1985 tollere,
1207 1924 1249 1986 qul
1261 1924 1350 1995 judicia
1362 1924 1481 1977 sublatum
1492 1924 1601 1985 iverunt,
1617 1926 1659 1987 qui
1674 1925 1767 1973 calcabo
1778 1925 1835 1987 legi·

1066 2040 1078 2063 ι
1090 2018 1178 2067 busres
1188 2018 1270 2079 gladiis
1285 2020 1335 2067 culo
1346 2018 1515 2080 dijudicarunt·
1550 2018 1620 2067 Viros
1630 2019 1720 2081 quippe
1732 2019 1835 2077 nobiles,

1067 2132 1078 2154 ιι
1091 2126 1151 2174 qrros
1169 2126 1239 2161 nemo
1261 2114 1394 2171 accusarit,
1413 2126 1442 2161 ex
1464 2111 1542 2162 medio
1567 2118 1647 2175 raptos
1669 2113 1720 2161 loro
1739 2113 1838 2164 vinculis
1883 2150 1884 2183 ,

1067 2204 1236 2264 «cruciarunt,
1252 2203 1336 2253 deinde
1356 2204 1415 2252 rtilril
1435 2215 1517 2253 rocem
1535 2208 1577 2251 aut
1589 2218 1671 2265 preces
1688 2218 1766 2253 eorum
1784 2218 1837 2255 mo·
1883 2186 1884 2267 ί

1068 2298 1170 2343 orantes
1182 2296 1233 2343 neci
1251 2294 1407 2343 tradiderunt.
1440 2294 1507 2343 Licet
1523 2300 1603 2343 autern
1620 2296 1701 2355 robis,
1719 2310 1764 2345 nou
1780 2296 1837 2345 belli

1068 2406 1080 2428 ι
1095 2386 1144 2447 lege
1156 2386 1281 2447 ingressis,
1301 2386 1367 2447 signu
1385 2392 1409 2435 et
1427 2386 1513 2435 iudicia
1533 2400 1616 2435 eorum
1634 2400 1692 2449 ηομ
1704 2388 1771 2436 modo
1789 2389 1838 2437 dixi

1068 2495 1080 2519 ι
1093 2476 1189 2535 intueri,
1201 2476 1285 2525 domos
1302 2476 1389 2537 rapinis
1408 2476 1502 2525 illorum
1522 2476 1655 2540 desolatus,
1666 2483 1840 2541 peremptorum

1069 2587 1081 2609 ιι
1090 2566 1202 2627 coniuges
1219 2572 1243 2616 et
1263 2564 1363 2615 familias
1375 2572 1441 2615 reste
1455 2567 1548 2629 lugubri
1569 2566 1665 2617 indutas
1673 2604 1681 2631 ,
1693 2571 1750 2631 quin
1765 2576 1788 2618 et
1799 2583 1839 2631 per

1069 2677 1081 2700 ι
1093 2662 1168 2705 totam
1180 2658 1299 2706 civitatem
1313 2657 1404 2706 luctum
1416 2662 1442 2707 ei
1458 2659 1657 2707 larrreniulionem·
1691 2662 1764 2709 tiemo
1775 2661 1839 2709 enirn

1069 2767 1080 2789 ν
1094 2748 1207 2811 reperitur
1217 2748 1257 2810 qui
1271 2746 1395 2809 impiorum
1408 2762 1455 2795 non
1470 2752 1582 2809 expertus
1592 2749 1624 2797 sit
1635 2750 1752 2799 incursus.
1769 2752 1839 2813 Quip·
1883 2728 1884 2819 ¹

1070 2858 1082 2880 ι
1094 2851 1123 2900 pe
1131 2852 1159 2886 eo
1167 2851 1260 2887 resume
1271 2838 1402 2887 insolentiae
1414 2839 1569 2897 devenerunt,
1579 2846 1604 2887 ut
1615 2840 1738 2890 arrduciem
1750 2842 1838 2892 latroci-

1070 2948 1082 2971 ν
1094 2930 1170 2977 nalem
1183 2942 1229 2978 non
1243 2928 1321 2977 solum
1330 2942 1358 2977 er
1370 2930 1490 2991 provincia
1498 2935 1522 2979 oi
1532 2930 1583 2979 allis
1592 2932 1761 2982 ciuitatibusin
1769 2933 1838 2989 lianc,
1883 2944 1884 3001 γ

1071 3038 1083 3061 ι
1097 3032 1151 3081 qum
1162 3033 1272 3081 expresso
1288 3019 1446 3079 totiusgentis
1466 3020 1536 3068 iacies
1552 3023 1588 3069 esi
1601 3024 1625 3069 et
1636 3026 1722 3083 caput,
1744 3026 1837 3071 transle-
1883 3030 1884 3109 γ

1071 3128 1083 3153 ο
1096 3115 1162 3170 rarii,
1173 3112 1254 3161 rerum
1266 3111 1336 3159 etiam
1346 3123 1374 3159 ex
1387 3110 1481 3158 cirltute
1491 3111 1513 3159 in
1528 3114 1651 3173 templum.
1672 3116 1724 3163 lloc
1733 3115 1839 3163 nimirum
1883 3112 1884 3155 l

1071 3222 1082 3242 «ι
1095 3202 1141 3251 illis
1153 3202 1326 3265 receptaculum
1339 3202 1426 3250 tactum
1437 3207 1474 3249 est
1484 3206 1509 3250 et
1519 3203 1661 3265 perfugium,
1674 3208 1699 3253 et
1708 3210 1839 3267 promptua-
1883 3156 1884 3237 ί

1883 3240 1884 3275 l

1072 3312 1083 3334 ι
1099 3294 1160 3340 riurn
1172 3306 1253 3340 etrum
1268 3292 1355 3355 quaein
1373 3304 1417 3341 ,νυο
1437 3298 1570 3354 corruperam
1586 3298 1651 3342 sunt.
1684 3300 1761 3356 utque
1779 3297 1841 3343 locus
1883 3276 1884 3349 ί

1072 3403 1082 3425 ι
1094 3384 1134 3447 qui
1142 3384 1251 3432 adoratur
1258 3397 1299 3444 per
1307 3382 1389 3431 orbern
1398 3384 1545 3443 uuiversum,
1554 3390 1576 3432 el
1586 3384 1761 3447 ubulicuigenis
1769 3398 1840 3447 usque
1883 3352 1884 3447 ί

1072 3494 1085 3518 ι
1097 3489 1110 3533 a
1122 3480 1189 3523 terrae
1200 3474 1285 3523 turribus
1300 3474 1362 3527 loma
1373 3478 1397 3522 et
1407 3474 1530 3523 traditione
1541 3476 1678 3535 bonoratur,
1688 3490 1703 3525 a
1717 3475 1771 3527 ieris
1781 3476 1840 3538 apud
1883 3460 1884 3513 ί

1072 3584 1084 3609 ι
1097 3578 1140 3621 nos
1150 3566 1212 3613 uatis
1220 3565 1381 3615 conculcatur.
1414 3567 1440 3614 ln
1451 3579 1529 3613 rerum
1544 3568 1614 3615 eliam
1626 3566 1787 3629 desperatione
1796 3568 1840 3628 jum

1073 3674 1085 3699 ι
1098 3657 1230 3713 exsultant,
1242 3656 1354 3719 populum
1367 3654 1468 3716 populo,
1479 3656 1598 3705 civitatem
1614 3656 1705 3705 civitati
1716 3651 1840 3709 committi,

1073 3766 1085 3789 ν
1099 3752 1241 3809 gentemque
1250 3748 1381 3795 exercitum
1392 3747 1501 3808 colligere
1511 3761 1554 3796 sun
1565 3748 1655 3797 viscera
1664 3748 1839 3805 dilaniatarum,
1883 3756 1884 3761 ’

1073 3856 1086 3880 ν
1097 3850 1172 3899 quum
1184 3841 1289 3886 econtra
1307 3836 1474 3899 pulcerrimum
1484 3841 1560 3897 esset,
1576 3850 1678 3899 rosque,
1692 3843 1720 3887 nt
1731 3838 1792 3897 diri,
1802 3836 1840 3885 de·
1883 3834 1884 3837 ’

1074 3930 1170 3987 «τοτοῖ,
1181 3927 1305 3979 nobiscum
1324 3928 1404 3977 tollere
1416 3928 1541 3983 sceleratos
1548 3963 1559 3992 ,Ι
1573 3928 1644 3976 etium
1656 3928 1688 3976 ob
1699 3928 1774 3991 ipsum
1786 3929 1840 3975 bane
1883 3936 1884 3939 ’

1074 4038 1085 4061 u
1099 4018 1205 4075 fraudem
1217 4018 1269 4066 illos
1285 4018 1436 4079 ulciscentes,
1448 4018 1512 4080 quod
1534 4018 1557 4066 in
1574 4018 1690 4067 auxilium
1704 4032 1748 4068 ros
1764 4030 1840 4067 rorum

1073 4130 1085 4152 u
1096 4111 1148 4162 ausi
1159 4110 1259 4166 luerint,
1269 4122 1329 4172 quos
1348 4114 1452 4157 metuere
1465 4109 1568 4158 vindices
1581 4108 1731 4159 debuissent.
1766 4107 1839 4166 Quod·

1074 4221 1086 4243 u
1098 4202 1118 4250 si
1128 4200 1242 4263 ejusrnorli
1253 4201 1375 4249 bominum
1389 4200 1567 4249 aduocationem
1577 4202 1733 4261 reveremini,
1745 4207 1840 4251 atlanteo

1075 4312 1086 4335 u
1097 4293 1151 4342 licei
1162 4292 1244 4355 vobis,
1254 4292 1326 4340 ermis
1337 4292 1451 4353 depositis
1464 4295 1489 4340 et
1499 4297 1652 4353 cognatorum
1667 4292 1748 4341 trabitu
1765 4292 1840 4341 civim

1075 4405 1086 4427 u
1099 4389 1146 4434 iem
1164 4382 1285 4445 ingressio,
1304 4382 1409 4431 medium
1421 4384 1482 4431 inter
1494 4382 1574 4433 lrostes
1587 4386 1659 4445 atquc
1670 4385 1797 4433 occultiores
1806 4396 1839 4427 no·
1883 4378 1884 4395 ¹

1074 4495 1087 4519 ν
1099 4488 1153 4525 uren
1164 4487 1297 4535 rosumere,
1308 4480 1401 4524 voearet
1408 4473 1499 4534 judices
1509 4473 1623 4523 iaciendo.
1636 4476 1726 4522 verum
1739 4475 1839 4536 reputate

1074 4587 1086 4609 ι
1099 4570 1213 4629 qrranlum
1225 4580 1237 4614 e
1249 4580 1274 4615 re
1291 4566 1385 4615 illorum
1397 4565 1457 4623 erit,
1469 4564 1498 4613 de
1511 4565 1640 4613 manifestis
1648 4568 1671 4612 et
1685 4570 1735 4613 tem
1755 4561 1838 4622 ιυεμιίν

1075 4678 1086 4700 u
1100 4657 1237 4707 criminibus
1246 4657 1310 4718 apud
1321 4669 1362 4703 ros
1371 4654 1459 4716 judicio
1469 4655 1533 4713 sisti,
1545 4655 1585 4716 qui
1598 4655 1736 4703 bominibus
1752 4668 1796 4703 noa
1807 4662 1839 4699 ao·

1074 4769 1086 4793 ι
1099 4748 1186 4799 cusolis
1202 4762 1232 4797 ue
1250 4748 1351 4796 verboru
1368 4745 1464 4809 quidem
1476 4748 1550 4794 iacere
1562 4746 1729 4806 permiserunt.
1763 4730 1839 4795 berno
1883 4806 1884 4823 γ

1075 4861 1086 4884 ι
1099 4841 1170 4902 igilur
1180 4840 1240 4888 lianc
1251 4853 1280 4887 cx
1296 4844 1374 4887 restro
1385 4838 1488 4885 adventu
1505 4836 1613 4895 gratiam.
1647 4836 1688 4885 Sin
1701 4850 1758 4884 rero
1771 4842 1841 4891 ireque
1883 4828 1884 4861 ἶ

1074 4952 1086 4975 ιι
1098 4930 1342 4991 nobiscumindignuri
1350 4966 1356 4989 ‚
1365 4929 1551 4989 nequejndlcore
1559 4926 1750 4987 ruritispertlum
1761 4925 1837 4974 restat,
1883 4940 1884 4943 ¹

1074 5043 1086 5065 ι
1100 5027 1126 5071 ul
1138 5023 1225 5071 relictis
1242 5022 1362 5083 uirisque,
1378 5034 1422 5072 noc
1438 5020 1524 5068 nostris
1542 5017 1715 5071 calamitatibus
1732 5010 1839 5066 insultetis

1075 5133 1087 5156 u
1100 5126 1144 5162 nec
1156 5127 1210 5162 curu
1229 5111 1405 5161 insidiatoribus
1426 5110 1582 5171 metropoleos
1595 5106 1719 5171 maneatis.
1753 5098 1836 5154 necrol
