3825 6059
317 486 369 527 o.
614 420 617 425 ¹
767 506 774 515 .
901 455 1119 517 rasiano.

316 582 1698 696 quamnonpoteritattingerenisiquipraestantioresquosdamcodicesdenun

317 734 350 788 et
369 717 563 787 accuratius
578 738 685 809 quam
698 710 819 785 adhuc,
828 710 958 781 sactum
971 710 1170 779 examinare
1183 707 1461 804 diuturnamque
1473 709 1510 779 in
1525 711 1697 807 scriptore

317 839 522 937 gravissimo
537 852 573 907 et
586 834 813 907 emendando
823 850 858 905 et
870 834 1093 931 explanando
1103 842 1247 930 operam
1262 858 1396 931 ponere
1410 834 1514 906 volet.
1527 836 1696 908 Praeterea

318 982 417 1057 spem
439 959 585 1029 feceram
603 956 749 1026 Didotio
768 956 841 1025 fore
866 971 905 1026 ut
928 956 1027 1026 alteri
1047 953 1132 1024 hnic
1150 953 1325 1024 volumini
1349 953 1591 1050 praefationem
1610 982 1697 1053 prar-

319 1082 493 1151 mitterem
508 1075 666 1171 ejusdem
687 1072 756 1145 sere
778 1074 932 1145 ambitus
946 1077 1087 1173 qualem
1103 1078 1283 1147 Pausaniae
1301 1078 1339 1146 in
1355 1077 1426 1147 alio
1442 1076 1549 1171 hujus
1565 1078 1696 1148 Biblio-
1810 1103 1812 1106 ·
1912 1102 1913 1107 ¹

318 1198 427 1269 thecae
441 1195 623 1266 volumine
638 1218 752 1289 nuper
764 1192 855 1264 absc
869 1194 967 1266 edito
981 1195 1130 1292 praelixit
1148 1201 1182 1265 t.
1199 1194 1421 1266 Dindorfius.
1435 1202 1568 1268 Verum
1582 1222 1694 1293 quum

316 1332 398 1417 post
409 1317 576 1389 volumen
590 1316 689 1412 prius
702 1315 822 1411 aliquo
837 1315 971 1387 abhinc
986 1332 1146 1414 tempore
1162 1316 1299 1389 editum
1313 1318 1520 1405 multorum,
1529 1319 1696 1415 inprimis

317 1439 580 1533 theologorum,
602 1435 779 1507 desiderio
800 1438 1016 1508 satisfactum
1041 1437 1314 1536 commodisque
1339 1438 1466 1509 melius
1490 1439 1695 1511 consultum

318 1563 360 1633 iri
376 1560 600 1657 cognovisset
614 1558 795 1645 Didotius,
810 1559 839 1627 si
852 1559 999 1653 grandia
1011 1584 1076 1629 nec
1087 1584 1197 1655 parvo
1211 1558 1379 1656 parabilia
1395 1561 1623 1657 Havercampi
1639 1586 1698 1632 vo·

317 1683 509 1755 luminain
533 1695 716 1778 posterum
736 1681 842 1750 etiam
855 1661 1016 1767 ¹'adeundi
1034 1681 1241 1751 necessitate
1260 1681 1340 1752 illos
1361 1681 1541 1769 liberaret,
1560 1696 1697 1751 mutato

318 1804 469 1877 oonsilio
484 1804 646 1889 tertium,
663 1800 833 1873 mediocri
852 1802 941 1872 illud
962 1801 1100 1874 ambitu
1117 1802 1294 1890 futurum,
1316 1803 1445 1873 addere
1463 1803 1617 1873 decrerit
1628 1784 1697 1874 'vo-

316 1924 457 2026 lumen,
474 1948 634 2021 quoquae
651 1922 695 1993 ad
710 1922 1000 1993 emendationem
1016 1936 1052 1993 et
1065 1924 1395 2019 interpretationem
1410 1923 1512 1993 utilia
1524 1923 1580 1994 vel
1595 1924 1699 1994 allata

319 2060 438 2133 essent
451 2043 496 2139 (Ἴ
517 2044 569 2116 vel
587 2068 677 2115 nora
699 2043 854 2114 conferri
877 2057 1025 2139 possent
1042 2043 1198 2115 breviter
1217 2044 1376 2142 exposita
1392 2040 1697 2142 complecteretur,

320 2164 443 2253 addito
470 2164 576 2235 etiam
595 2164 658 2258 qui
675 2160 815 2258 pridem
833 2162 879 2233 ab
900 2186 957 2234 me
975 2163 1159 2237 confectus
1176 2181 1230 2238 est
1251 2168 1490 2264 exquisitioris
1504 2168 1698 2238 Graecitatis

221 2322 225 2331 ·
321 2287 456 2373 indice,
482 2286 631 2358 certiore
655 2284 808 2357 consilio
822 2309 929 2382 quam
948 2285 1218 2376 Hudsonianus,
1233 2314 1340 2385 quern
1369 2292 1627 2385 Havercarnpus
1648 2315 1698 2359 re·

320 2408 459 2501 petivit,
475 2407 652 2478 instituto.

321 2576 353 2619 ,ιη
366 2533 440 2615 §cn
456 2529 579 2625 Lipsiae
598 2528 673 2599 Kal.
694 2532 776 2600 Dec.
805 2530 904 2615 1846.

326 2831 335 2857 ἱ
359 2764 399 2856 f}
421 2764 543 2853 [Bruta
554 2764 631 2821 edita
645 2763 770 2821 delectus
783 2762 885 2823 haberi
900 2764 1007 2847 poterit
1021 2782 1057 2821 ex
1066 2763 1183 2821 ineditis
1195 2762 1446 2822 observationibus
1458 2767 1574 2821 Ioannis
1585 2768 1693 2833 Balcia,

321 2866 427 2943 quibus
438 2868 564 2925 narratio
573 2866 692 2945 losephi
703 2868 800 2925 multis
816 2868 888 2925 locis
897 2869 943 2925 vel
956 2868 1116 2950 explicatur
1130 2866 1214 2925 docte
1225 2868 1270 2925 vel
1284 2867 1349 2927 aliis
1364 2885 1400 2927 ex
1414 2867 1593 2929 documentis
1602 2868 1701 2929 corri-

321 2966 587 3050 gilnr.'Spesetiarn
604 2972 676 3030 lacta
691 2971 775 3031 nobis
792 2985 834 3029 est
844 2984 1045 3051 excerptorum
1059 2991 1095 3029 ex
1105 2972 1223 3049 antiqua
1233 2973 1419 3033 translatione
1438 2974 1625 3046 Armeniaca,
1637 2992 1699 3052 quae

323 3074 453 3134 codicum
466 3076 552 3135 hodie
570 3076 784 3154 deperditarum
797 3077 889 3135 locum
900 3077 1053 3137 utilissime
1065 3076 1239 3155 supplebit.]
