3825 6059
53 524 196 602 cccc)

53 688 113 722 ικει
130 667 168 743 τῷ
190 668 283 746 κριτῇ,
308 669 455 747 μαχόμενα
479 670 507 729 it
526 669 653 731 ίπταισαν
672 675 727 733 ἀεί·
741 681 817 734 τοῦτο

53 752 126 828 apia,
137 752 215 821 ἡνίκα
229 753 350 830 βασιλεὺς
365 755 539 815 saeuientes
556 758 705 839 ἐπολιόρκει
718 761 816 834 ταύτην

51 838 116 907 «τὴν
129 839 218 913 πόλιν,
231 840 374 917 συμθαλών
389 840 512 911 Σεδεκίας
533 848 546 902 6
560 845 683 927 ἡμέτερος
696 848 817 927 βασιλεῦς

54 924 144 1002 Ιιττσρθ
161 923 209 991 τὰς
227 924 355 1007 Ἱερεμίου
370 930 540 1010 προφητείας,
558 934 633 998 αότός
645 957 674 992 τε
685 934 753 992 ἑάλω
772 934 816 993 καλ

30 1028 61 1063 ιι
74 1011 100 1068 τὸ
115 1012 178 1069 ἄστυ
194 1012 262 1087 μετὰ
273 1018 318 1072 τοῦ
331 1021 393 1072 ναοῦ
405 1018 651 1094 κατασκαπτόμενον
661 1009 711 1078 εἶδε
719 1020 815 1079 Ικαίτοι

52 1125 63 1148 ι
77 1096 146 1175 πόσῳ
163 1097 333 1177 μετριώτερος
348 1106 364 1159 6
378 1100 425 1176 μὲν
442 1103 563 1181 βασιλεὺς
575 1106 672 1172 ἐκεῖνος
685 1112 736 1164 τῷν
750 1112 815 1183 θμε-

52 1212 63 1233 ι
75 1184 149 1261 τέρων
158 1185 293 1261 ἡγεμόνων
299 1178 341 1258 ἦν,
352 1191 366 1244 6
377 1187 404 1245 δὲ
415 1188 458 1245 ὑπ’
470 1190 547 1247 αὐτὸν
556 1191 617 1257 λαὸς
631 1196 703 1267 ὑμῶν
714 1197 815 1271 βοῶντα

54 1278 133 1346 «γοῦν
146 1272 189 1329 τὸν
204 1272 335 1354 Ἱερεμίαν
348 1277 384 1341 ὡς
398 1276 555 1355 ἀπέχθοιντο
575 1278 621 1352 μὲν
640 1284 676 1359 τῷ
695 1284 757 1360 Θεῷ
772 1280 814 1340 eri

53 1358 116 1422 ιτὰς
138 1362 172 1424 εἰς
192 1360 272 1417 αὐτὸν
293 1362 488 1437 πλημμελείας,
514 1362 657 1422 ἁλώσοιντο
683 1368 706 1423 δ’
730 1372 753 1426 εἰ
775 1368 813 1443 pi,

23 1467 43 1503 ιο
53 1474 62 1495 ·
73 1446 207 1523 παραδοῖεν
227 1445 277 1515 τὴν
296 1448 381 1518 πολιν,
396 1448 449 1507 οὔθ’
465 1454 480 1507 6
495 1450 614 1528 βασιλεῦς
629 1452 682 1511 οὔθ’
699 1459 713 1512 6
734 1456 815 1530 δῆμος

52 1534 172 1589 ια’νεῖλεν.
224 1532 296 1591 Ἀλλ’
309 1536 382 1610 ὑμεῖς
398 1533 451 1611 (ἵνα
466 1536 536 1593 ἐάσω
549 1539 650 1609 τᾶνδον,
664 1542 693 1597 οὗ
707 1540 758 1622 γὰρ
771 1545 814 1621 ἁρ-

52 1624 191 1692 ιμηνεῦσαι
216 1620 347 1697 δυναίμην
371 1621 417 1689 τόις
435 1624 601 1702 παρανομίας
621 1629 693 1701 ὑμῶν
716 1627 810 1708 ἀξίως)

53 1732 63 1753 ι
74 1704 114 1778 ἐμὲ
124 1704 168 1762 τὸν
180 1709 387 1786 παρακαλοῦντα
397 1708 461 1787 πρὸς
476 1711 605 1791 σωτηρίαν
616 1714 683 1788 ὑμᾶς
696 1718 814 1793 βλασφη-

53 1795 148 1865 ιμεῖτε,
156 1793 201 1849 καὶ
216 1792 338 1871 βάλλετε,
350 1794 551 1874 παροξυνόμενοι
564 1797 627 1877 πρὸς
636 1797 681 1865 τὰς
693 1800 811 1874 ὑπομνή-

25 1892 42 1928 i⁵
53 1903 63 1927 ι
73 1900 120 1942 τεις
130 1881 178 1935 τῶν
193 1878 403 1956 ἁμαρτημάτων,
419 1884 464 1939 καὶ
476 1883 542 1957 μηδὲ
554 1885 612 1949 τοὺς
622 1885 713 1963 λόγους
723 1884 813 1965 ρίρον-

53 1986 109 2027 «τες
121 1954 154 2021 ὧν
167 1964 255 2046 τάργα
270 1959 347 2047 δρᾶτε
356 1968 415 2026 καθ’
429 1968 539 2049 ἡμέραν.
579 1974 664 2030 Τοῦτο
678 1971 706 2031 δὰ
722 1973 812 2045 ἡνίκα,

57 2050 196 2129 ι’λντιόχου
216 2058 266 2110 τοῦ
285 2054 421 2125 κληθέντος
447 2056 603 2139 Ἐπιφανοῦς
636 2064 812 2137 πρασκεθεζο·

55 2138 144 2212 «μένον
158 2143 189 2217 τῇ
201 2140 288 2212 πόλει,
302 2141 389 2199 πολλὰ
402 2143 464 2222 πρὸς
481 2144 510 2202 τὸ
519 2148 585 2203 θεῖον
600 2144 773 2224 ἰξοόρικότος,
787 2148 811 2205 oi

56 2226 180 2302 ιπρόγουοι
192 2225 264 2302 μετὰ
278 2232 330 2286 τῶν
342 2227 428 2287 ὅπλων
443 2233 584 2309 προῆλθον,
599 2233 672 2291 circi
687 2233 734 2307 μίν
744 2235 810 2291 άπε-

25 2311 198 2391 θισράγηααν
219 2316 249 2372 ἐν
265 2318 299 2393 τῇ
323 2314 414 2395 μάχη,
430 2318 561 2398 διηρπάγη
582 2318 656 2377 δὲτὸ
674 2319 738 2378 ἄστυ
759 2328 811 2386 τοῖς

56 2400 211 2476 Ιπολεμίοις,
229 2401 362 2481 ἠρημώθη
381 2406 404 2461 δ’
422 2403 468 2475 ἔτη
486 2406 547 2484 τρία
570 2405 615 2464 καὶ
637 2410 720 2482 μῆνας
740 2405 767 2475 ἓξ
780 2407 810 2465 τθ

55 2484 146 2560 Ιἅγιον.
186 2488 240 2549 Καὶ
256 2487 281 2545 τί
300 2489 340 2546 δεῖ
360 2488 443 2547 τᾶλλα
454 2491 555 2567 λόγειν;
570 2492 646 2550 ciiii·
659 2491 807 2569 Ῥωμαίους

54 2571 104 2637 ιτίς
113 2575 315 2653 ἐστρατολόγησε
327 2578 395 2634 ecci
410 2584 456 2636 τοῦ
470 2576 574 2650 ἔθνουςς
594 2582 643 2659 οὐχ
657 2585 674 2651 ἡ
686 2584 736 2639 τῷν
752 2584 809 2640 ἐπι-

55 2660 165 2739 ιχωρίων
185 2662 312 2736 diffisum
326 2663 408 2723 Πόθεν
423 2666 446 2721 δ’
461 2665 593 2743 ἠρξάμεθα
611 2667 748 2740 δουλείας;
767 2659 807 2749 ἆρ’

25 2760 44 2797 ιι
55 2770 64 2791 ·
74 2746 124 2823 οὐχί
137 2750 164 2805 ἐκ
176 2748 295 2811 στάσεως
306 2753 357 2807 τῷν
369 2749 512 2830 προγόνων,
526 2752 569 2810 ότι
583 2756 599 2823 ἡ
612 2753 807 2833 Ἀριστοόούλου

54 2857 63 2878 ι
77 2832 119 2888 καί
127 2833 257 2913 Ὑρκανοῦ
270 2835 349 2914 μανία
364 2838 409 2896 καὶ
422 2843 439 2907 ἡ
453 2838 516 2916 πρὸς
526 2840 653 2911 ἀλλήλους
664 2841 716 2921 ἔρις
726 2845 807 2918 Πομ·

53 2919 253 3002 «πήιονὲπήγεγε
263 2929 296 3001 τῇ
307 2924 432 2984 πόλιικαλ
438 2924 578 3003 Ῥωμαίοις
586 2925 709 2995 ὑπόταξιν
720 2929 808 2995 ieci<

53 3005 119 3070 uei<
124 3011 166 3067 οῦκ
172 3009 262 3079 ’ἀξίους
268 3011 426 3091 inceptae
438 3013 507 3092 τρισὶ
515 3019 575 3090 γοῦν
588 3014 654 3091 μησί
666 3016 808 3094 πολιορκη-

53 3116 62 3139 ι
73 3092 144 3161 θέντες
150 3099 256 3164 ἑαυτοὺς
265 3099 422 3176 παρέδοσαν,
428 3099 486 3159 οὗτε
498 3100 657 3176 ἁμαρτόντες
665 3101 737 3167 εἰςτὰ
745 3102 807 3180 όίγια

24 3190 43 3227 ³⁰
53 3202 62 3226 ι
71 3180 109 3236 καὶ
123 3173 175 3249 τώς
183 3185 279 3262 νόμους
286 3185 367 3257 ἡλίκα
380 3190 453 3264 ὑμεῖς
466 3186 512 3245 καί
520 3186 586 3245 πολὺ
599 3187 711 3263 μείζοσιν
725 3190 807 3270 ἀραρ-

53 3275 128 3340 ιμαίς
142 3270 199 3348 πρὸς
214 3272 262 3330 τὸν
277 3271 390 3349 πόλεμον
408 3271 547 3352 χρώμενοι.
588 3272 628 3334 Τό
642 3273 668 3332 δὲ
686 3274 805 3352 Ἀντιγό-

53 3376 105 3410 ινου
123 3356 190 3423 τέλος
209 3365 258 3417 ταῦ
277 3359 473 3438 Ἆριστοῦοόλου
492 3360 584 3426 παιδὸς
604 3364 651 3419 οὐκ
666 3360 757 3437 scptu
775 3354 806 3421 οῦ

54 3465 63 3486 ·
76 3443 242 3516 βασιλεύοντος
259 3450 273 3505 6
287 3447 354 3513 Θεδς
365 3446 462 3506 ἁλώσει
476 3448 556 3506 πάλιν
573 3446 617 3506 τδν
630 3447 693 3506 λαδν
708 3448 805 3520 ἤλαυνε

53 3526 282 3605 Ηῐλνηιμελοῦντα·
305 3533 351 3591 καί
379 3533 501 3613 Ἡρώδης
528 3533 575 3612 μὲν
600 3538 613 3592 6
636 3534 804 3613 Ἀντιπάτρου

25 3611 176 3688 esttecum,
200 3618 316 3687 Σόσσιος
335 3619 364 3679 δὲ
389 3621 530 3699 Ῥωμαίων
555 3621 678 3701 στρατιδν
704 3623 802 3701 ἤγαγε·

52 3704 250 3781 «περισχεθέντες
266 3708 288 3764 δ’
306 3707 349 3766 ἐπὶ
361 3712 444 3785 μῆνας
458 3706 485 3776 ἓξ
502 3710 713 3788 ἐπολιορκοῦντο,
727 3710 805 3791 μέχρι

53 3783 135 3853 ’δίκαι
149 3794 198 3848 τῷν
211 3794 348 3875 ἁμαρτιῶν
368 3796 455 3861 δόντες
471 3796 588 3853 ἑάλωσαν
603 3795 647 3854 καί
669 3797 801 3876 διηρπάγη

52 3880 117 3937 ‘itit
127 3878 256 3954 πολεμίοις
271 3886 288 3951 ἡ
302 3883 387 3948 πολις.
425 3880 535 3949 ,Οῦτως
549 3882 671 3942 οὐδέποτε
685 3889 722 3965 τῷ
736 3884 804 3944 ἔθνει

52 3954 97 4013 «τί
105 3958 166 4019 ὅπλα
178 3964 289 4027 δίδοται.
330 3969 376 4046 Τῷ
395 3966 422 4025 δὲ
437 3969 607 4044 πολεμεῖσθαι
625 3969 670 4026 καί
683 3969 713 4028 τὸ
734 3970 802 4028 ἁλώ·

24 4050 146 4105 θ*εισθαι
168 4052 272 4119 πάντως
296 4054 429 4134 πρόσεστι.
470 4057 518 4113 Δεῖ
542 4055 610 4134 γὰρ,
633 4046 719 4132 οἶμαι,
744 4057 804 4123 τοὺς

52 4133 151 4211 ιχοιρίον
164 4137 236 4215 ἅγιον
250 4140 405 4216 νεμομένας
422 4140 568 4220 ἐπιτρέπειν
588 4142 674 4201 πάντα
692 4148 728 4223 τῷ
742 4148 804 4224 Θεῷ

53 4216 168 4288 ‘itiitere
185 4227 232 4285 καὶ
249 4236 417 4307 καταφρονεῖν
442 4228 499 4287 τότε
522 4231 607 4311 χειρὸς
628 4231 803 4311 ἀνθρωπίνης,

53 4300 106 4360 “θτι
127 4313 194 4370 αὐτοὶ
217 4314 336 4373 πείθουσι
357 4314 401 4371 τὸν
426 4314 480 4371 ἅνω
500 4315 632 4385 δικαστή.
675 4315 753 4394 Ὑμῖν
775 4317 803 4377 δὲ

55 4389 150 4453 ‘titur
165 4399 351 4477 εὐλογηθέντων
364 4401 414 4459 ὑπθ
428 4406 473 4460 τοῦ
487 4403 624 4478 νομοθέτου
639 4403 802 4484 πίπρακται;

26 4476 91 4531 ‘⁵¹11'
102 4480 180 4541 δῖτῷν
191 4490 236 4545 irrr'
254 4486 351 4545 ἐκείνου
369 4489 557 4568 κατηραμίνων
575 4490 801 4569 παραλίλειπταις

54 4564 135 4646 «ciem
147 4569 172 4629 δὲ
190 4574 247 4634 ἐστὲ
269 4578 322 4633 τῷν
339 4575 431 4654 τάχιον
445 4576 559 4633 ἁλόντων
579 4577 760 4658 ἁσεῦίστεροι,
773 4582 802 4637 οθ

54 4648 100 4705 *id
113 4660 208 4733 κρυπτὰ
226 4660 274 4739 μὲν
289 4666 340 4719 τῷν
354 4662 551 4741 ἁμαρτημάτων
565 4662 708 4735 ἠδοξήκατε
717 4709 726 4737 ,
735 4668 803 4734 μελο-

54 4735 115 4804 “θθι
131 4742 193 4822 λέγω
210 4749 256 4807 καλ
276 4747 379 4828 ἐνίδρας
403 4748 447 4806 καλ
473 4749 602 4828 μοιχείας,
623 4751 754 4829 ἁρπαγαῖς
779 4750 802 4809 δ’

55 4821 151 4899 ¹3me
170 4835 213 4893 καὶ
236 4834 335 4916 ρόνοις,
358 4834 403 4893 καῖ
425 4834 495 4902 ξένας
509 4841 686 4911 καινοτομεῖτε
708 4836 801 4903 κακίας

27 4910 145 4986 ω’θθθθς
164 4922 291 5001 ἐκδοχεῖον
305 4920 342 4994 ¹dt
363 4922 468 4981 πάντων
485 4922 516 4982 τδ
538 4923 605 5003 ἱερὸν
625 4922 729 5001 γε’γονε,
755 4923 800 4983 καὶ

55 5001 149 5075 “iiiiii
163 4990 312 5088 Ἐμρῦλίοις
324 5012 338 5066 6
352 5013 417 5076 θεῖος
437 5009 577 5085 μεμίανται
598 5014 696 5091 χῶρος,
714 5009 742 5068 δν
757 5012 801 5069 καλ

55 5077 183 5159 ·Ῥωμαῖοι
205 5094 334 5175 πόρρωθεν
355 5095 538 5175 προσεκύνουν,
552 5097 639 5155 cciii
651 5102 703 5156 τῷν
727 5097 797 5155 iiim

55 5166 129 5227 ’ἷθῦν
145 5181 312 5258 παραλύοντες
333 5184 368 5249 είς
390 5185 434 5241 τθν
449 5182 575 5263 ἡμέτερον
594 5183 683 5261 νόμον.
731 5176 797 5245 Εἶτα

55 5254 109 5312 «ἐπὶ
119 5262 207 5333 ποίαις
222 5269 265 5328 τὸν
285 5270 445 5343 ἀσεθηθέντα
460 5271 600 5357 σύμμαχον
617 5274 798 5353 πρεσδοκᾶτες

147 5374 260 5419 cussinos
274 5383 299 5418 ιι.

518 530 567 590 DE
587 533 708 594 BELLO
727 535 808 595 ΗΠ).
832 536 905 597 iis.
928 540 965 599 V.
987 542 1066 601 CAP.
1089 544 1137 606 ix.
1217 562 1219 565 ·

1461 558 1535 635 [stc]
1576 570 1631 622 isi

862 704 875 727 ι
887 693 956 747 pscm
969 688 1042 749 judici
1052 690 1196 755 videbatur;
1216 702 1391 762 pugnatumque
1400 706 1484 753 euntes
1495 719 1589 771 semper
1606 712 1636 762 de

861 796 874 821 ι
886 778 1074 841 spedcciderunt
1082 802 1088 833 r
1096 786 1181 847 partim
1191 788 1295 850 quidem,
1304 805 1388 853 quum,
1396 806 1449 856 rege
1454 796 1635 859 Babyloniorum

863 887 875 911 ι
891 869 953 918 tuane
981 872 1063 922 urbem
1085 875 1221 937 obsidente,
1242 880 1351 931 sedecias
1372 897 1412 933 rer
1439 892 1530 950 noster,
1555 901 1636 943 contra

861 982 873 1004 ι
886 964 1011 1014 Hieremice
1030 969 1219 1021 vaticinationem
1240 986 1296 1023 cum
1316 989 1344 1025 ec
1366 990 1522 1041 congressus,
1540 988 1565 1031 et
1585 986 1636 1045 ipse

860 1072 873 1095 ιι
884 1058 967 1115 captus
984 1060 1036 1117 esi,
1055 1062 1079 1108 et
1096 1061 1215 1112 ciuitatem
1236 1066 1398 1130 temptumque
1416 1070 1477 1120 vidit
1500 1074 1631 1123 exscindi:

862 1162 874 1186 ι
886 1157 1024 1206 quanquam
1034 1148 1073 1197 itte
1092 1164 1132 1198 reu
1151 1162 1239 1215 ηιιοιιιο
1252 1158 1336 1205 restria
1348 1159 1465 1220 ducibus,
1478 1161 1576 1223 ejusque
1592 1178 1633 1227 po·

862 1254 871 1275 a
885 1236 955 1296 putus
968 1237 1034 1287 vobis
1052 1244 1102 1289 erat
1120 1244 1275 1295 moderatiori
1289 1248 1406 1310 siquidem
1425 1252 1582 1315 Hieremiam,
1596 1267 1635 1305 ro·

860 1345 872 1366 ι
884 1325 1018 1376 citerantern
1044 1334 1093 1379 Deo
1109 1334 1204 1394 quidem
1221 1338 1310 1387 inrisos
1324 1352 1376 1389 esse
1390 1345 1485 1404 propter
1504 1343 1588 1394 deiicta
1608 1347 1632 1396 in

859 1433 870 1455 ι
880 1426 934 1464 eum
945 1420 1087 1480 commissa,
1098 1424 1194 1485 ceptum
1218 1432 1299 1475 etitem
1310 1430 1336 1477 iri
1350 1430 1394 1480 nisi
1411 1432 1530 1483 traderent
1550 1436 1633 1485 cirita·

859 1523 871 1545 a
883 1508 944 1565 tem,
956 1522 1033 1571 neque
1047 1525 1087 1561 rex
1103 1526 1179 1575 neque
1194 1517 1296 1578 popuius
1310 1520 1434 1571 interiecit.
1468 1524 1515 1575 Sed
1529 1539 1573 1575 uos
1587 1530 1595 1587 i
1603 1534 1631 1577 ιιι

859 1614 871 1636 ι
882 1596 946 1647 intus
960 1602 1026 1657 geste
1045 1604 1237 1668 praetermittam,
1249 1622 1296 1657 non
1314 1612 1376 1660 enim
1391 1612 1459 1675 digne
1476 1630 1574 1678 possrrm
1586 1620 1631 1668 iui-

859 1704 871 1727 ι
883 1686 988 1748 quitates
997 1694 1088 1739 uestras
1099 1699 1234 1758 exponere)
1248 1700 1322 1761 mitri,
1335 1702 1375 1764 ηιιί
1388 1704 1456 1753 robis
1467 1707 1568 1756 sairrtem
1579 1722 1631 1757 sue·

858 1797 870 1819 r«
881 1777 954 1827 deeiu
964 1814 971 1839 ,
983 1781 1136 1845 maledicitis,
1148 1787 1250 1851 istisque
1262 1804 1299 1839 me
1312 1793 1405 1854 petitis,
1416 1797 1499 1847 irritati
1510 1800 1573 1861 ηιιοιΙ
1590 1812 1632 1850 ros

858 1886 870 1909 ι
882 1872 1015 1919 cesimum
1023 1878 1172 1934 pecatorum
1180 1883 1404 1947 commonefaciam,
1417 1900 1461 1937 nec
1472 1902 1501 1938 ea
1513 1890 1558 1941 diui
1570 1892 1630 1943 terre

857 1961 1044 2023 «potestisque
1059 1964 1143 2027 reipsa
1156 1969 1261 2031 quotidie
1271 1974 1355 2025 iscus.
1370 1978 1459 2027 Pertirn
1472 1992 1528 2031 sero
1541 1995 1629 2045 quum,

857 2066 869 2090 ι
879 2050 1007 2109 Antiocho,
1028 2058 1167 2117 cognomine
1185 2061 1318 2123 Epipireue,
1329 2068 1373 2127 qui
1385 2070 1468 2119 inultis
1478 2074 1629 2125 conturmeiiis

857 2157 869 2180 ι
881 2151 969 2189 numen
979 2142 1103 2205 adiecerat,
1114 2148 1236 2214 obsidione
1249 2153 1330 2205 urbem
1341 2165 1452 2220 urgente,
1467 2165 1568 2224 maiores
1589 2182 1627 2217 no

856 2246 869 2271 ι
882 2230 924 2278 stri
932 2234 1016 2282 morati
1026 2237 1151 2299 progressi,
1161 2240 1206 2301 ipn'
1213 2240 1310 2303 pridem
1320 2244 1344 2293 in
1356 2259 1433 2309 pugna
1441 2252 1555 2313 perempti
1565 2258 1630 2313 sunt,
1680 2248 1685 2260 ’

856 2337 869 2362 ε
880 2320 1040 2384 insuperrero
1052 2328 1076 2375 et
1086 2328 1144 2377 urbs
1152 2331 1182 2380 ab
1191 2331 1300 2383 nostibus
1309 2335 1401 2398 direpta
1410 2344 1457 2411 est,
1465 2344 1489 2390 et
1501 2346 1628 2396 sacrarium

854 2427 867 2452 ι
877 2412 1057 2473 pertrieuniuin
1073 2418 1152 2467 siser
1170 2433 1265 2473 menses
1285 2423 1427 2477 dmotstum.
1470 2434 1501 2481 iit
1511 2446 1626 2494 quorsum

854 2518 867 2542 ι
879 2504 956 2551 εοεαε
970 2511 1116 2556 cremorem?
1133 2513 1163 2559 At
1177 2512 1297 2564 Romanos
1310 2517 1363 2579 quis
1381 2522 1464 2569 conire
1484 2528 1577 2583 geniem
1597 2526 1627 2573 cd

854 2610 867 2632 ι
878 2591 1203 2651 miiitiamexcitaritinoace
1209 2603 1372 2667 indigenarum
1378 2609 1500 2673 impietas?
1509 2614 1577 2664 Unde
1586 2631 1628 2665 au·

854 2684 1627 2769 «teniservirecosptmusrncnncasediitonemaiorumquaude

853 2795 866 2819 ι
878 2777 1007 2827 Aristobmi
1015 2782 1039 2831 et
1050 2784 1151 2844 tiyrccni
1162 2784 1227 2835 tnror
1237 2789 1308 2851 atque
1316 2789 1377 2839 inter
1390 2804 1416 2840 se
1424 2794 1546 2843 contentio
1556 2797 1627 2843 Ponu-

855 2886 867 2909 «
880 2869 962 2929 petum
977 2871 1000 2919 in
1016 2873 1098 2921 urbem
1114 2874 1221 2938 induxit,
1238 2880 1263 2929 et
1274 2878 1382 2931 libertate
1397 2883 1505 2945 indignos
1515 2890 1627 2937 iiomenis

853 2974 865 2997 ι
877 2957 979 3019 subiecit
993 2962 1073 3011 Deus?
1105 2964 1166 3015 iiinc
1176 2968 1225 3016 tres
1243 2981 1337 3019 menses
1347 2970 1440 3023 obsessi
1454 2989 1507 3026 sese
1524 2978 1626 3029 tradide-

852 3067 865 3090 ι
875 3051 1026 3111 runt,quurn
1036 3053 1093 3103 niitti
1107 3056 1152 3106 iaie
1163 3059 1233 3120 quate
1245 3074 1288 3111 ros
1297 3062 1321 3110 in
1331 3070 1440 3115 sanmnm
1449 3068 1558 3131 iegesqus
1570 3070 1626 3121 deii·

851 3156 864 3181 ι
876 3143 1024 3201 conscisci
1034 3144 1110 3193 mutto
1119 3147 1248 3208 maioribus
1258 3150 1288 3197 ad
1301 3150 1389 3201 betium
1401 3154 1514 3206 subsidiis
1529 3159 1626 3209 οιοθιιι-

852 3250 864 3274 ι
874 3233 922 3277 tur.
938 3230 1047 3293 Antigoni
1058 3238 1138 3283 nutem
1146 3234 1186 3284 titii
1195 3238 1322 3289 Aristobnii
1332 3244 1423 3292 exitum
1434 3258 1512 3295 nonne
1520 3248 1625 3301 seimus?

851 3337 864 3362 ι
875 3333 923 3381 qno
932 3334 1029 3383 regnum
1036 3322 1157 3375 obtinente
1164 3314 1321 3379 Deusiternnr
1327 3334 1462 3395 captivitate
1468 3338 1624 3399 persequeba-

850 3425 862 3449 «
875 3411 915 3456 tur
926 3411 1042 3473 poputum
1058 3413 1241 3479 delinquentem.
1252 3422 1281 3469 Et
1290 3422 1394 3473 iiuodes
1401 3424 1496 3485 quidem
1504 3428 1621 3490 Antipatri

849 3521 862 3545 «
874 3502 936 3552 ditus
944 3506 1051 3556 sossium
1067 3513 1092 3558 et
1107 3512 1201 3561 Sossios
1217 3514 1350 3564 Romanum
1362 3516 1461 3567 adduxit
1470 3521 1620 3571 exercituin.

849 3614 861 3638 ι
872 3608 901 3644 ec
909 3596 1050 3649 circumdati
1058 3614 1146 3664 persea
1151 3616 1246 3655 meuses
1251 3607 1429 3673 obsidebantur,
1435 3612 1576 3676 tandemque
1583 3628 1625 3677 pro

849 3710 861 3733 ι
873 3695 977 3752 peccatis
987 3695 1044 3747 dcto
1062 3699 1178 3762 supplicio
1189 3702 1251 3763 capti
1262 3706 1319 3752 sunt
1338 3706 1362 3755 et
1373 3706 1403 3755 ab
1413 3708 1521 3758 hostibus
1532 3710 1625 3774 direpta

849 3804 862 3827 ι
872 3791 908 3835 est
918 3788 1011 3839 ciuitas¹
1024 3793 1058 3841 ita
1070 3805 1190 3855 nimquam
1199 3796 1262 3857 genti
1271 3810 1409 3848 conoessum
1415 3806 1484 3851 estut
1493 3804 1566 3854 armis
1574 3818 1623 3855 rem

850 3884 985 3939 «gererent.
1026 3884 1115 3932 Verum
1132 3888 1277 3948 oppugnatio
1290 3888 1342 3939 sine
1360 3892 1433 3941 dubio
1450 3898 1504 3955 post
1515 3908 1541 3945 se
1552 3898 1624 3949 trahit

849 3988 862 4012 ι
872 3972 1000 4020 escidium.
1014 3976 1114 4035 Oportet
1122 3990 1193 4040 ergo,
1206 3984 1234 4029 ut
1242 3980 1336 4044 opinor,
1347 3984 1408 4033 sacri
1417 3986 1462 4035 ioci
1472 4000 1624 4049 possessores

848 4081 860 4104 ι
873 4066 924 4112 Deo
947 4065 1084 4126 permittere
1097 4067 1127 4118 de
1145 4072 1257 4121 omnibus
1273 4074 1403 4137 judicium,
1424 4088 1624 4145 manusquetunc

848 4173 861 4197 ι
874 4156 988 4206 iuuencas
994 4163 1159 4223 contemnere,
1174 4165 1272 4230 quando
1281 4166 1325 4229 ipsi
1335 4172 1518 4233 superuniudici
1528 4188 1623 4237 persua·

849 4270 860 4292 ι
871 4252 952 4300 serim.
985 4255 1035 4305 Vos
1053 4261 1132 4305 autem
1145 4258 1203 4320 quic
1213 4272 1242 4307 ex
1261 4260 1289 4309 iis
1299 4274 1354 4324 quse
1365 4264 1423 4325 tegis
1434 4265 1541 4315 conditor
1557 4282 1622 4317 com·

848 4362 859 4384 ι
872 4344 981 4405 protrivit
993 4346 1099 4397 fecistis?
1109 4348 1197 4410 quidue
1208 4350 1301 4399 itionum
1311 4366 1366 4415 quae
1377 4356 1513 4417 reprobarit
1524 4363 1619 4420 prester·

848 4452 860 4478 ι
875 4436 993 4487 misistis?
1010 4444 1125 4501 quiantum
1137 4444 1218 4490 eutem
1232 4441 1286 4492 ilios
1301 4446 1342 4506 qui
1360 4448 1408 4495 etto
1421 4447 1539 4497 excidium
1556 4450 1619 4512 pessi

850 4547 863 4570 ι
876 4534 935 4578 sunt
960 4532 1083 4592 impietate
1106 4534 1243 4595 superatis?
1272 4550 1350 4587 nonne
1376 4540 1483 4607 emotis,
1499 4541 1620 4603 dedignati

848 4642 860 4666 ι
876 4625 936 4673 estis
945 4628 1060 4687 peccata,
1075 4628 1137 4677 turia
1151 4628 1240 4679 seilicet
1252 4630 1395 4694 insidiasque
1406 4638 1431 4683 et
1439 4634 1569 4687 adulteria?
1578 4640 1620 4689 sed

847 4734 859 4758 ι
871 4716 1006 4779 rapinarum
1015 4722 1039 4766 et
1051 4718 1152 4769 caedium
1162 4726 1281 4772 mrtemen
1293 4722 1560 4795 instituitis,novasque
1572 4746 1620 4783 me·

847 4809 999 4859 «indubium
1026 4812 1076 4864 rias
1095 4816 1254 4877 excogitatis?
1295 4821 1408 4868 sanctum
1427 4834 1484 4871 uero
1505 4827 1619 4889 tempium

847 4922 858 4944 ι
871 4902 959 4951 iscium
969 4907 1006 4952 est
1015 4904 1121 4955 omnium
1131 4909 1319 4971 receptaculum,
1329 4915 1354 4961 et
1368 4911 1529 4976 indigenarum
1542 4924 1619 4971 naeni-

847 5018 859 5041 ι
871 4997 917 5047 bus
926 4997 1063 5061 mquuuatus
1072 5003 1110 5051 est
1119 5002 1267 5065 iocusssccr‚
1277 5020 1349 5069 quem
1356 5010 1456 5059 itomant
1467 5026 1481 5061 e
1492 5013 1619 5079 longinquo

849 5092 1019 5158 qadorabent,
1038 5097 1114 5147 muita
1131 5110 1172 5161 per
1193 5100 1267 5163 tegern
1288 5108 1393 5154 ιιοιιιιιιιι
1405 5106 1435 5157 de
1446 5109 1497 5159 suis
1514 5110 1619 5165 moribus

846 5188 1019 5251 «derogantes.
1050 5196 1128 5255 Atque
1136 5199 1190 5255 post
1199 5196 1251 5247 nec
1260 5200 1364 5259 eum,in
1374 5216 1445 5264 quem
1454 5203 1520 5266 impii
1530 5204 1618 5275 inistis,

845 5303 857 5326 «
871 5284 1034 5335 arraiitetorem
1045 5290 1206 5350 exspectetis?
1218 5293 1333 5356 Perqusin
1345 5308 1401 5345 seue
1413 5296 1477 5357 digni
1490 5300 1547 5346 estis
1558 5312 1615 5364 sup·

1476 5398 1499 5439 Ιῖ
