3825 6059
248 437 301 485 rau
343 423 491 500 (ιιωαωο)

243 580 253 608 ιι
266 579 338 625 σετε;
357 554 424 632 μηδὲ
445 553 474 611 τὸ
495 551 685 633 Καρχηδονίων
708 550 779 618 τέλος
800 556 974 626 σκοποῦντες,
995 549 1020 608 οἳ

241 673 253 695 ιι
268 644 311 701 τὸν
335 641 418 720 μέγαν
434 644 573 720 αὐχοῦντες
592 639 709 699 ’Ᾱννίὸαν
724 644 769 697 καὶ
785 637 832 708 τὴν
853 637 905 696 ἀπὸ
924 638 1019 698 Φοινί-

240 757 252 781 ι
266 753 319 786 κοιν
343 728 483 804 εὐγένειαν,
500 725 550 784 ὑπὸ
573 725 619 796 rip
643 725 788 796 Σκιπίωνος
807 725 891 793 δεξιάν
915 725 1018 784 ἔπεσον.

242 844 254 868 ι
270 815 343 876 Οὔτε
360 817 387 874 δὲ
409 820 552 887 Κυρηναῖοι
572 815 602 872 τὸ
622 813 754 874 Λακώνων
769 814 853 890 γένος,
874 812 932 872 ούτε
947 817 1022 890 Μαρ-

214 923 227 960 b
243 932 255 955 ιι
271 903 397 982 μαρίδαι,
421 903 449 961 τὸ
464 902 541 980 μέχρι
557 907 603 971 τῆς
616 901 721 981 διψάδος
744 901 914 977 ἐκτεταμένον
929 903 1019 981 φῦλον,

244 990 320 1049 ιιούθ’
335 994 362 1048 ni
376 989 485 1070 ροθεραί
493 989 539 1046 καί
549 990 602 1054 τοῖς
615 987 737 1047 ἀκούουσι
749 987 869 1066 Σύρτεις,
885 991 1020 1063 Νασαμῶ-

241 1105 254 1130 ιι
266 1077 305 1143 νίς
317 1101 345 1135 τε
359 1078 404 1136 καὶ
419 1081 540 1156 Μαῦροι,
551 1077 596 1134 καί
608 1077 637 1134 τὸ
649 1076 779 1150 Νομάδων
794 1076 900 1155 ἀπειρον
914 1079 1020 1148 πλῆθος,

242 1193 253 1219 ι
268 1166 314 1232 τὰς
326 1165 467 1243 Ῥωμαίων
481 1164 611 1239 ἀνέκοψαν
622 1165 724 1242 ἀρετάς,
765 1163 821 1234 Τὴν
834 1163 961 1244 δὲτρίτην
976 1169 1021 1233 τῆς

243 1282 255 1307 ιι
271 1254 421 1331 οἰκουμένης
435 1257 536 1331 μοῖραν,
553 1246 584 1324 ἧς
599 1251 656 1310 οῦδὲ
672 1252 896 1331 ἐξαριθμήσασθαι
911 1252 944 1311 τὰ
962 1252 1020 1322 ἔθνη

203 1363 228 1400 ιο
242 1371 254 1395 ιι
270 1342 365 1423 ῥοίδιον,
375 1343 526 1418 ὁριζομένην
536 1341 692 1420 Ἀτλαντικῷ
703 1363 732 1398 τε
742 1340 851 1418 πελάγει
859 1342 904 1397 καί
914 1339 1022 1411 στήλαις

241 1458 253 1481 ιι
270 1428 449 1508 Ἡρακλείοις,
463 1430 509 1488 καί
524 1427 602 1507 μέχρι
618 1432 665 1499 τῆς
678 1427 805 1507 Ἐρυθρᾶς
816 1426 950 1498 θαλάσσης
964 1425 1021 1492 τούς

244 1545 256 1567 ιι
272 1516 392 1596 ἀπείρους
403 1516 532 1590 νέμουσαν
543 1514 683 1587 Αἰθίοπας,
695 1514 868 1595 ἐχειρώσαντο
882 1515 930 1592 μὲν
944 1513 1022 1586 itur·

242 1607 345 1684 ιχωρῖς
360 1605 387 1663 δὲ
409 1608 460 1662 τῶν
479 1603 590 1674 ἐτησίων
609 1607 727 1684 καρπῶν,
749 1603 775 1662 οῖ
797 1605 877 1680 μησὶν
900 1602 969 1662 ὀκτώ
993 1601 1022 1660 τὸ

244 1721 257 1748 ι
270 1693 338 1756 κατὰ
351 1693 397 1762 τὴν
407 1691 517 1768 Ῥώμην
530 1694 627 1762 πλῆθος
646 1692 779 1772 τρέροοσι,
794 1692 839 1748 καὶ
850 1689 942 1758 ἔξωθεν
955 1712 1023 1748 παν-

205 1798 229 1835 ιιι
245 1809 258 1833 ιι
271 1781 347 1847 τοίως
360 1781 571 1860 φορολογοῦνται,
583 1779 628 1840 καί
641 1789 699 1845 ταῖς
711 1779 811 1859 χρείαις
824 1783 870 1850 τῆς
881 1777 1021 1854 ἡγεμονίας

219 1871 223 1878 “
245 1866 432 1946 «παρέχουσιν
446 1864 553 1942 ἑτοίμοις
571 1866 617 1932 τδις
629 1869 759 1948 εἰσφορὰς,
775 1864 847 1926 οὐδὲν
865 1871 916 1925 τῶν
932 1869 1023 1924 ἐπιτα-

243 1945 375 2032 «γμάτων
395 1951 483 2034 ὥοπερ
502 1957 574 2031 ὑμεῖς
595 1953 668 2035 ῦύριν
681 1954 835 2032 ἡγούμενοι,
856 1947 951 2034 καίπερ
971 1952 1024 2019 ἑνὸς

244 2069 256 2092 ιι
271 2033 404 2119 τάγματος
415 2043 501 2107 αὐτοῖς
510 2041 711 2121 παραμένοντος.
738 2042 827 2103 Καὶτί
841 2044 881 2101 δεῖ
890 2043 1023 2122 πόρρωθεν

244 2133 330 2205 «ὑμῖν
345 2128 518 2200 ὑποδεικνύειν
539 2128 586 2200 τὴν
604 2129 746 2208 Ῥωμαίων
767 2131 886 2207 δύναμιν,
901 2131 984 2211 παρθν
997 2129 1023 2197 ἐξ

204 2238 232 2276 ιο
246 2244 258 2269 ⁸
273 2217 406 2295 Δίγύπτυυ
421 2220 468 2287 τῆς
488 2216 651 2294 γειτνιώσης,
669 2217 725 2289 ἥτις
748 2218 911 2294 ἐκτεινομένη
933 2218 1024 2298 μέχρις

248 2298 403 2364 «Αἰθιόπων
425 2303 531 2375 καὶτῆς
552 2305 701 2382 εὐδαίμονος
719 2306 856 2385 Ἀραύίας,
877 2305 971 2386 ὅμορός
993 2329 1022 2364 τε

245 2383 335 2470 κιοῦσα
350 2396 396 2461 τῆς
408 2391 525 2463 Ἰνδικῆς,
537 2393 699 2464 πεντήκοντα
711 2395 775 2475 πρὸς
788 2395 844 2460 ταῖς
857 2393 1024 2460 ἑπτακοσίαις

245 2507 258 2534 ιι
271 2479 368 2559 ίχοοσα
383 2479 510 2555 μυριάδας
525 2481 677 2560 ἀνθρώπιον,
692 2483 752 2562 δίχα
765 2487 815 2540 τῶν
831 2482 1024 2561 Ἀλεξάνδρειαν

244 2593 257 2622 ε
270 2565 468 2638 κατοικούντων,
483 2570 517 2634 ὡς
533 2567 630 2626 ἔνεστιν
646 2572 675 2628 ἐκ
686 2574 732 2640 τῆς
747 2571 804 2628 καθ’
819 2571 931 2642 ἑκάστην
943 2593 1024 2650 κερα·

205 2674 231 2712 ιο
245 2680 258 2707 ιι
270 2653 319 2724 λὴν
341 2656 461 2732 εἰσφορᾶς
480 2655 673 2733 τεκμήρασθαι,
693 2657 740 2726 τὴν
765 2657 907 2734 Ῥωμαίοιν
926 2663 1025 2735 ἡγεμο·

246 2769 260 2793 ι
274 2741 330 2800 νίαν
344 2744 392 2799 σύκ
404 2741 503 2812 ἀδοξεῖ,
518 2743 603 2800 καίτοι
614 2745 725 2814 πηλίκον
740 2746 908 2812 ἀποστάσεως
919 2744 1024 2823 κέντρον

245 2855 258 2882 ι
271 2828 367 2906 ἔχουσα
384 2823 431 2898 τὴν
443 2827 646 2907 Ἀλεξάνδρειαν,
661 2829 774 2900 πλήθους
787 2857 815 2889 τε
836 2834 935 2911 ἀνδρῶν
950 2830 1025 2891 ἕνεκα

245 2940 259 2968 ι
272 2915 318 2972 καῖ
339 2914 471 2986 πλούτου,
490 2917 554 2994 πρὸς
570 2916 597 2974 δὲ
618 2917 665 2974 καί
686 2917 822 2997 μεγέθους,
839 2925 920 2995 μῆκος
934 2919 982 2996 μέν
997 2943 1026 2997 γε

247 3029 260 3055 ιι
274 3005 353 3073 αύτῒις
364 3002 502 3082 τριάκοντα
514 3004 638 3081 σταδίοιν,
652 2998 724 3085 εῦρος
733 3005 760 3064 δέ
770 3009 816 3065 οὐκ
831 3008 938 3066 ἔλαττον
952 3007 1024 3066 δέκα·

159 3166 162 3175 ,
205 3109 232 3148 te
247 3116 259 3142 ιι
274 3094 318 3155 τοῦ
341 3089 368 3148 δὲ
390 3091 519 3155 ἐνιαυσίου
539 3093 601 3171 παρ’
621 3096 693 3169 ὑμῶν
717 3089 797 3174 ρύρου
812 3095 869 3153 καθ’
887 3094 931 3153 ἕνα
955 3099 1026 3171 μῆνα

246 3206 258 3230 ιι
271 3177 348 3245 πλέον
361 3177 503 3256 Ῥωμαίοις
517 3180 639 3260 παρέχει,
653 3182 762 3240 καὶτῶν
776 3185 920 3262 χρημάτων
935 3181 1025 3250 ἔξωθεν

245 3271 307 3346 «τῇ
331 3266 427 3345 Ῥώμῃ
449 3276 518 3326 σῖτον
540 3273 627 3344 μηνῶν
649 3271 792 3349 τεσσάρων·
815 3271 972 3351 τετείχισται
999 3271 1025 3330 δὲ

246 3381 259 3409 ιι
275 3355 398 3414 πάντοθεν
409 3354 426 3426 ἢ
438 3355 576 3427 δυσθάτοις
592 3359 728 3436 ἐρημίαις,
742 3360 759 3428 ἢ
771 3361 913 3426 θαλάσσαις
934 3359 1026 3436 ἀλιμέ·

246 3469 259 3491 ιι
272 3464 336 3520 νοις,
348 3438 366 3510 ἢ
376 3446 513 3518 ποταμοῖς,
523 3441 540 3512 ἣ
552 3441 646 3502 ἕλεσιν.
657 3444 907 3503 ’λλλόὐδὲντούτων
922 3445 1037 3524 ἰσχυρύ·“

206 3547 232 3586 ab
246 3553 339 3608 «τερον
353 3530 448 3608 ηὑρέθη
460 3535 506 3598 τῆς
516 3530 655 3606 Ῥωμαίων
666 3533 757 3610 τύχης·
773 3532 849 3590 eloti
862 3534 1026 3610 ἐγκαθήμενα

247 3646 258 3669 ιι
271 3617 386 3696 τῇπόλει
395 3615 518 3693 τάγματα
532 3617 579 3687 τὴν
591 3620 697 3695 βαθεῖαν
709 3619 840 3695 Αἴγυπτον
851 3621 906 3696 ἅμα
918 3626 951 3700 τῇ
966 3623 1026 3680 Μα·

247 3732 259 3755 ι
273 3704 383 3762 κεδύνων
391 3704 504 3783 εῦγενεία,
514 3705 624 3782 χαλινοῖ.
636 3706 716 3772 Τίνας
727 3697 770 3763 σύν
779 3706 822 3764 ε’πῖ
828 3707 870 3764 τὸν
878 3707 992 3784 πολεμον
998 3711 1027 3765 ἐκ

247 3819 259 3842 ι
271 3796 317 3862 τῆς
333 3790 456 3862 ἀοικήτου
479 3790 664 3871 παραλήψεσθε
683 3794 851 3872 συμμάχους
870 3797 893 3852 oi
908 3794 955 3871 μὲν
978 3793 1027 3876 γάρ

249 3905 261 3926 ιι
274 3878 316 3935 ἐπὶ
334 3883 380 3948 τῆς
401 3878 551 3954 οἰκουμένης
567 3879 661 3945 πάντες
677 3881 726 3937 εἰσὶ
740 3880 879 3960 Ῥωμαῖοι·
896 3886 919 3940 εἰ
935 3883 974 3960 μή
989 3907 1027 3951 τις

207 3989 234 4027 eo
247 3993 258 4016 ι
275 3965 341 4044 ὑπὲρ
358 3966 496 4044 θ’,ἰιρροίτην
512 3966 618 4024 ἐκτείνει
632 3967 680 4033 τδις
693 3969 800 4035 ἐλπίδας
811 3969 856 4027 καί
869 3969 927 4037 τοὺς
941 3973 970 4029 ἐκ
981 3977 1027 4041 τῆς

248 4050 429 4124 ιιίλδιαύηνῆς
448 4053 592 4134 ὁμορύλους
612 4053 692 4111 οίεται
713 4055 899 4133 προσαμύνειν.
941 4061 977 4119 Oi
1000 4057 1027 4117 δὲ

248 4167 260 4190 ιι
273 4139 331 4197 οὔτε
354 4140 389 4199 δι’
403 4141 488 4201 αἰτίαν
506 4141 599 4217 ἄλογον
621 4140 767 4223 τηλικούτῳ
780 4144 888 4224 πολέμῳ
909 4145 1027 4221 συμπλέ-

249 4258 260 4278 u
276 4227 360 4289 ίουαιν
374 4228 481 4295 ίαυτοίις
498 4229 556 4288 οὔτε
571 4229 785 4307 βουλευσαμένοις
799 4237 909 4299 κακῶςύ
924 4235 1028 4313 Πάρθος

249 4346 260 4370 ι
276 4317 416 4398 ἐπιτρέψει.
468 4317 583 4397 ΙΙράνοια
594 4318 644 4396 γὰρ
657 4321 728 4398 αὐτῷ
743 4326 788 4391 τῆς
799 4321 860 4400 πρὸς
875 4321 1026 4399 Ῥωμαίους

209 4438 236 4477 ts
249 4433 261 4457 ι
273 4405 417 4486 ἐκεχειρίας
437 4404 483 4463 καὶ
505 4405 676 4485 παραὸαίνειν
697 4407 813 4477 οἰήσεται
833 4409 880 4477 τάς
898 4411 1025 4486 σπονδάς,

250 4520 262 4543 ιι
275 4493 306 4550 άν
320 4516 358 4560 τις
377 4496 428 4551 τῶν
446 4492 490 4550 ὑπ’
510 4493 654 4568 ueremini
674 4492 820 4570 Ῥωμαίους
840 4497 878 4576 tq.
928 4497 1026 4561 Λοιπὸν

188 4585 194 4604 ““
254 4607 265 4629 ι
279 4571 321 4636 οῦν
336 4581 379 4637 ε’πί
395 4580 442 4651 τὴν
456 4582 485 4638 ἐκ
508 4585 553 4638 τοῦ
567 4583 637 4638 Θεοῦ
656 4583 809 4662 συμμαχίαν
828 4588 1027 4667 καταρτυκτέον.

252 4693 264 4715 ι
280 4666 358 4724 Ἀλλά
370 4669 500 4726 καὶτοῦτο
512 4668 585 4747 παρδι
600 4668 742 4746 Ῥωμαίοις
755 4673 889 4729 τέτακται·
905 4673 966 4752 δίχα
978 4672 1028 4752 γὰρ

252 4780 264 4803 ⁸
275 4756 344 4812 θεοῦ
357 4760 482 4824 συστῆναι
493 4756 651 4828 τηλικαύτην
662 4759 802 4834 ἡγεμονίαν
813 4761 946 4818 ἀδύνατον.
963 4762 1029 4820 Σκέ-

211 4871 239 4907 54,
255 4867 267 4892 ιι
280 4845 364 4920 ψασθε
376 4842 402 4898 δὲ
420 4847 456 4908 ώς
469 4846 528 4919 ὑμῖν
544 4845 573 4903 τὸ
592 4844 638 4916 τῆς
653 4845 789 4924 θρησκείας
808 4847 928 4927 άκρατον,
943 4851 966 4906 εἰ
986 4847 1030 4906 καί

256 4956 267 4979 ι
281 4927 346 5007 πρὸς
364 4929 531 5007 εὐχειρώτους
543 4931 714 5009 πολεμοίητε,
732 4934 923 5004 δυσδιοίκητον·
939 4936 983 4994 κοιί
998 4936 1030 4993 δι’

252 5043 263 5068 ι
277 5016 294 5073 ἀ
306 5015 420 5091 μάλιστα
434 5017 477 5073 τὸν
487 5019 554 5076 Θεὸν
567 5022 682 5088 ἐλπίζετε
692 5021 843 5102 σύμμαχον,
855 5030 937 5083 ταῦτα
950 5027 1029 5101 ἀναγ·

253 5103 415 5179 ικαζύμενοι
424 5104 595 5182 παραύαίνειν
611 5110 797 5190 ἀποστρέψετε.
829 5115 974 5188 Τηροῦντες
985 5113 1031 5188 μέν

245 5214 305 5268 ,ιγε
320 5189 351 5249 τδι
373 5195 423 5248 τῶν
439 5191 589 5269 ίύδομοίδων
604 5193 662 5265 ἔθη,
682 5196 800 5276 καὶπρὸς
817 5197 947 5274 μηδεμίαν
962 5209 1030 5278 mpii·

662 420 737 480 ’[ῸΥ
758 419 855 482 totu.
877 419 1062 481 florenter
1084 419 1177 476 bitin.
1200 419 1231 478 b.
1256 418 1345 478 tine.
1367 417 1422 492 ltss.

1067 579 1078 600 ιι
1090 561 1239 620 spectantes,
1252 558 1292 620 qrri
1304 557 1334 607 rie
1346 569 1430 618 magno
1440 555 1482 604 illo
1491 555 1622 604 ttannibale
1635 555 1763 616 gloriantes
1773 561 1795 607 et
1811 558 1845 606 rie

1070 666 1082 688 ιι
1094 659 1179 707 genere
1191 645 1316 694 srro'nobili
1326 658 1355 695 er
1366 645 1532 702 Ptroenicibus,
1542 644 1658 706 Scipionis
1674 645 1753 693 manui
1763 658 1849 694 euoen-
1904 625 1905 668 3

1071 734 1205 784 abuerunt.
1248 733 1293 783 sed
1312 745 1389 795 neque
1409 732 1516 792 cyrenaei
1539 731 1711 780 Lacedaemone
1735 732 1846 794 oriundi,
1904 749 1905 798 γ

1067 840 1079 862 ιι
1093 834 1169 883 neque
1187 821 1350 879 Marmaridae,
1363 833 1421 881 gens
1435 819 1465 867 ad
1476 820 1600 881 inaquosus
1616 831 1694 881 usque
1705 819 1847 869 solitudines
1904 843 1905 852 ι

1066 911 1216 970 «protensa,
1237 921 1314 970 noque
1339 907 1455 957 terribiles
1473 908 1546 955 ctiam
1569 905 1723 970 annitentibus
1745 909 1840 969 Syria,
1904 953 1905 972 γ

1067 1015 1079 1038 ι
1092 999 1286 1058 Nasamonesque
1297 1000 1321 1045 et
1335 995 1424 1055 btauri,
1441 1001 1465 1044 et
1473 994 1628 1044 Numidarum
1641 994 1770 1043 multitudo
1780 995 1850 1042 innu·
1904 1015 1905 1020 ι

1071 1103 1082 1125 ιι
1095 1081 1217 1132 merabilis
1233 1084 1318 1132 virtuti
1330 1086 1491 1132 Romanorum
1502 1081 1656 1131 obstiterunt.
1690 1084 1796 1132 Tertium
1806 1096 1851 1130 urr-
1904 1143 1905 1154 ρ

1068 1191 1079 1214 ιι
1092 1174 1139 1221 tem
1151 1171 1216 1220 orbis
1227 1176 1343 1220 terrarum
1360 1177 1467 1233 partem,
1486 1171 1555 1231 cujus
1573 1183 1604 1219 ne
1615 1183 1739 1220 numerare
1751 1170 1850 1232 quidem
1904 1175 1905 1212 i

1068 1277 1079 1302 ι
1093 1259 1200 1308 nationes
1217 1258 1285 1308 tacite
1301 1263 1351 1318 est,
1367 1259 1425 1307 mari
1438 1259 1557 1308 aetarreica
1571 1263 1595 1307 ct
1608 1259 1726 1307 colunrnts
1738 1259 1852 1307 tterenlis

1068 1365 1079 1386 ιι
1092 1345 1255 1406 terminatam,
1268 1359 1322 1408 qum
1338 1346 1369 1394 erl
1386 1359 1450 1395 mere
1467 1347 1577 1396 ttubrrrm
1593 1359 1669 1408 osque
1688 1345 1792 1394 inirnitos
1806 1346 1852 1394 etit
1904 1351 1905 1386 ἓ

1068 1453 1080 1476 ιι
1093 1433 1242 1495 sustinetque
1262 1434 1399 1495 AEtlriopas‚
1418 1436 1492 1482 totam
1509 1434 1606 1495 quidem
1625 1433 1700 1482 arum
1714 1438 1852 1495 ceperunt:

1068 1524 1116 1570 aet
1132 1527 1217 1582 praeter
1230 1522 1309 1582 irriges
1318 1534 1423 1579 annuae,
1441 1521 1528 1582 quibus
1544 1523 1646 1584 populus
1658 1523 1780 1569 ltomnnns
1797 1527 1853 1569 octo

1069 1629 1080 1650 ιι
1094 1609 1216 1657 rrrerrsibus
1227 1609 1339 1669 rescitur,
1348 1609 1394 1656 alia
1403 1609 1587 1671 qrroqrreomrria
1598 1608 1706 1670 pandrrrrt
1714 1609 1852 1670 vectigalia,
1904 1619 1905 1680 γ

1068 1717 1080 1742 ιι
1093 1701 1117 1746 ct
1128 1698 1221 1746 tributis
1231 1699 1339 1760 prompte
1348 1697 1492 1746 etinveniunt
1504 1697 1596 1759 imperii
1610 1697 1804 1756 necessitutibus,
1815 1699 1853 1744 ni·
1904 1688 1905 1764 ψ

1069 1805 1080 1827 ιι
1093 1786 1125 1834 trit
1139 1798 1222 1834 eornm
1241 1798 1296 1847 qum
1313 1785 1459 1846 imperantur
1476 1786 1532 1844 sibi,
1549 1785 1584 1833 rrti
1600 1797 1644 1833 vos
1655 1786 1815 1844 existimatis,
1829 1786 1853 1833 in
1904 1775 1905 1853 ψ

1069 1891 1080 1916 ι
1092 1873 1258 1922 contumeliam
1267 1872 1351 1921 redere
1363 1876 1485 1935 putantes,
1494 1886 1629 1934 queuntium
1637 1887 1684 1921 uua
1693 1875 1786 1922 tuntum
1796 1887 1852 1920 cum

1069 1981 1081 2004 ιι
1094 1960 1141 2009 iltis
1152 1961 1212 2022 legio
1221 1963 1392 2008 orurrrroratrrr.
1428 1961 1474 2010 Sed
1486 1960 1545 2022 quid
1556 1974 1618 2022 opus
1630 1967 1667 2009 est
1675 1961 1791 2022 euerrrplis
1804 1961 1853 2008 lon·
1904 1981 1905 1998 ι

1069 2068 1081 2090 ιι
1094 2049 1146 2108 gius
1162 2049 1241 2110 petitis
1255 2052 1384 2098 itomanam
1404 2049 1520 2111 explicare
1538 2049 1681 2111 potentiam,
1700 2063 1775 2111 quum
1797 2063 1852 2098 eam

1071 2158 1083 2180 ιι
1095 2139 1189 2200 possitis
1208 2153 1236 2187 er
1256 2140 1332 2186 vir-trra
1345 2141 1445 2200 AEgypto
1466 2141 1612 2200 perspectam
1627 2136 1714 2186 trabere
1729 2152 1735 2184 :
1752 2151 1808 2200 qua·
1823 2138 1853 2185 ari
1904 2113 1905 2172 ἰ

1071 2227 1220 2288 «AErtriopas
1243 2239 1319 2287 usque
1337 2233 1443 2288 porrecte
1462 2231 1487 2274 et
1504 2225 1614 2275 Arabiam
1637 2226 1755 2285 Felicem,
1778 2228 1853 2288 atque

1069 2331 1080 2356 ι
1096 2311 1169 2361 turliue
1188 2313 1300 2372 irrritima,
1317 2313 1489 2376 qninquaginta
1506 2316 1530 2361 et
1546 2313 1707 2375 septingentas
1726 2313 1853 2361 lrominum

1070 2419 1082 2444 ιι
1094 2400 1212 2462 myrturlus
1222 2401 1300 2461 olens,
1312 2405 1397 2462 praeter
1408 2399 1554 2448 alexandriae
1564 2400 1667 2458 incolas,
1678 2403 1705 2449 ut
1718 2400 1798 2461 cottiqr
1810 2413 1854 2462 po·
1904 2425 1905 2458 r

1071 2507 1082 2529 ι
1094 2493 1141 2536 test
1153 2502 1181 2536 ex
1200 2489 1289 2537 tributo
1303 2488 1403 2550 quodie
1420 2489 1498 2550 capita
1514 2487 1600 2549 singuli
1611 2488 1733 2551 pendunt,
1745 2490 1854 2538 Romano
1904 2484 1905 2551 l

1071 2595 1082 2618 ι
1096 2575 1195 2638 imperio
1204 2576 1286 2638 subjici
1299 2589 1345 2624 non
1357 2575 1506 2640 dedignatur,
1518 2577 1574 2625 lieet
1584 2577 1686 2630 immane
1695 2579 1814 2638 quantum
1825 2578 1854 2626 ad
1904 2557 1905 2624 ff

1072 2681 1084 2708 ι
1096 2663 1253 2713 deiectionem
1266 2665 1445 2713 inritamentum
1455 2665 1553 2722 lrabeat,
1565 2663 1745 2724 Alexandriam,
1756 2669 1855 2727 propter

1072 2772 1084 2795 ιι
1096 2754 1183 2801 cirirrrrr
1199 2739 1377 2802 multiturlirrem
1389 2756 1412 2801 et
1422 2752 1582 2814 opulentiam,
1593 2765 1623 2800 ne
1634 2751 1691 2814 quid
1699 2751 1729 2801 de
1736 2755 1854 2814 maguitu-

1072 2839 1151 2888 «cline
1167 2841 1220 2902 ejus
1236 2841 1328 2900 iliram,
1350 2854 1405 2902 quae
1425 2839 1522 2902 triginta
1537 2839 1620 2889 stadiis
1637 2839 1661 2889 in
1680 2840 1853 2902 longitudinem

1072 2948 1083 2970 ι
1099 2930 1178 2988 patet,
1190 2928 1214 2976 irr
1227 2928 1375 2978 tutitruiirrern
1389 2941 1447 2976 vero
1458 2942 1504 2975 nou
1515 2925 1593 2974 minus
1604 2938 1677 2988 qurum
1688 2925 1789 2975 decern:
1804 2942 1853 2976 uno
1904 2965 1905 2982 γ

1074 3035 1085 3056 ι
1098 3021 1177 3064 autem
1193 3016 1338 3078 menseptrrs
1353 3015 1495 3064 tributorum
1506 3014 1620 3063 itomanis
1636 3013 1718 3076 pendit
1726 3027 1800 3077 quanr
1811 3027 1854 3064 vos
1904 3049 1905 3052 ,

1074 3122 1086 3144 ι
1099 3116 1161 3151 armo
1180 3106 1302 3163 verterrte;
1326 3108 1460 3166 preterque
1479 3102 1620 3164 pecuniam,
1641 3105 1852 3166 ltomtequattrror

1073 3211 1084 3234 ι
1099 3193 1216 3242 meusium
1234 3205 1351 3240 erumnam
1369 3190 1505 3252 suppeditat
1518 3205 1524 3238 :
1539 3204 1568 3240 ee
1579 3190 1645 3239 reiut
1657 3204 1729 3240 muro
1745 3194 1856 3242 munitur
1904 3177 1905 3246 ἰ

1075 3299 1087 3322 ιι
1099 3279 1205 3341 rrrrriirpre
1216 3286 1257 3328 aut
1269 3279 1332 3328 inuia
1344 3279 1487 3338 solitudine,
1505 3281 1547 3327 arri
1563 3279 1621 3327 mari
1633 3279 1782 3341 importuoso
1794 3317 1802 3340 ,
1815 3287 1856 3329 ant

1073 3367 1388 3429 anurus,arrrpurrrurbus.
1416 3365 1804 3430 tiorumserorriiritcompertum
1820 3375 1854 3417 est
1904 3399 1905 3450 γ

1073 3455 1151 3516 uptus
1168 3455 1246 3503 volere
1258 3467 1329 3514 quam
1345 3457 1504 3504 lionnrnonrrrr
1522 3455 1617 3502 torinna
1630 3469 1635 3502 ι
1650 3454 1704 3503 eluae
1726 3459 1813 3504 autem
1828 3456 1854 3506 le
1904 3467 1905 3498 ὲ

1073 3562 1084 3583 ιι
1099 3542 1180 3600 giones
1191 3542 1273 3590 urbem
1286 3541 1396 3604 presidio
1407 3545 1514 3592 tenentes
1530 3545 1658 3604 ,egyptum
1678 3541 1736 3590 arico
1755 3548 1850 3590 vastam

1073 3650 1084 3671 ιι
1100 3629 1219 3692 stannique
1232 3629 1388 3678 blacerionum
1398 3629 1546 3678 nobilitatem
1556 3631 1675 3680 coercent.
1708 3632 1775 3685 Quos
1785 3630 1856 3692 igitur

1072 3736 1085 3758 ιι
1098 3718 1122 3764 iu
1135 3717 1188 3764 betti
1196 3717 1332 3766 societatem
1342 3731 1370 3765 eu
1381 3720 1443 3766 term
1459 3715 1607 3766 inhabitabili
1618 3717 1764 3766 assumetis?
1779 3718 1856 3780 siqui·

1073 3824 1085 3846 ιι
1097 3804 1150 3855 dem
1165 3804 1267 3852 universi
1280 3819 1327 3866 qua
1338 3808 1401 3853 terra
1410 3805 1530 3853 habitatur
1548 3819 1561 3852 a
1581 3805 1694 3854 Romanis
1706 3809 1792 3853 sunt:
1811 3807 1856 3854 nisi

1073 3911 1084 3933 ιι
1099 3893 1158 3940 torte
1176 3893 1230 3954 quis
1250 3895 1356 3940 vestrum
1366 3905 1421 3954 spes
1437 3905 1492 3940 suas
1507 3893 1568 3941 ultra
1580 3892 1724 3954 Euphratem
1738 3893 1857 3955 porrigat,

1073 3999 1084 4020 ιι
1095 3993 1199 4041 suosque
1209 3980 1308 4041 gentiles
1318 3993 1346 4028 ex
1357 3979 1477 4029 adiabene
1484 3981 1529 4028 sibi
1537 3981 1652 4030 auxilium
1662 3980 1752 4028 laturos
1761 3981 1856 4029 credat.

1072 4085 1084 4108 ιι
1098 4068 1132 4115 titi
1141 4080 1197 4116 vero
1210 4081 1252 4116 nec
1262 4067 1306 4116 teri
1324 4067 1353 4116 de
1363 4081 1434 4116 causa
1450 4073 1526 4116 semet
1537 4067 1674 4118 tantobetto
1683 4067 1801 4131 implicari
1819 4083 1856 4131 pa·

1073 4173 1084 4196 ιι
1098 4155 1199 4215 ῑῖεοιοι,
1216 4155 1325 4216 nequest
1337 4155 1395 4217 quiri
1407 4169 1479 4217 praru
1495 4156 1594 4204 consilio
1614 4155 1699 4204 tacirrri
1711 4158 1810 4218 essent,
1830 4155 1852 4205 id
1904 4211 1905 4214 ς

1073 4261 1084 4284 ι
1098 4242 1188 4292 sineret
1199 4244 1307 4292 Purtlrrrs.
1342 4243 1376 4292 itti
1387 4243 1475 4306 quippe
1484 4257 1548 4293 curre
1557 4247 1595 4292 est
1608 4242 1715 4292 inducias
1725 4244 1788 4292 tueri
1798 4257 1854 4294 cum

1073 4349 1085 4372 ι
1098 4331 1209 4378 Romanis
1221 4331 1308 4390 iacun
1320 4331 1371 4379 etsi
1385 4332 1439 4392 quis
1451 4331 1480 4380 de
1490 4331 1540 4380 suis
1553 4336 1635 4380 contre
1649 4333 1772 4380 Romanos
1788 4343 1856 4380 arma

1073 4437 1085 4460 ιι
1096 4421 1189 4479 sumat,
1200 4418 1278 4466 ioedus
1292 4419 1406 4468 violatum
1417 4419 1449 4468 ire
1463 4419 1578 4468 censebit.
1616 4423 1729 4482 superest
1744 4419 1820 4480 igitur
1832 4423 1857 4468 ut

1074 4526 1085 4548 ιι
1096 4505 1125 4553 ad
1140 4506 1183 4555 Dei
1203 4506 1351 4567 confugiatur
1372 4507 1496 4554 auxilium.
1529 4511 1619 4557 verum
1636 4508 1660 4556 et
1678 4506 1717 4556 irie
1741 4493 1857 4558 Romanis

1074 4613 1086 4635 ι
1100 4607 1203 4656 praeseus
1215 4593 1300 4642 adest:
1316 4593 1379 4642 trarrd
1398 4594 1462 4642 enim
1477 4595 1525 4643 beri
1543 4597 1635 4656 poteret
1650 4597 1678 4641 ut
1690 4594 1785 4656 absque
1804 4600 1853 4645 Deo
1904 4587 1905 4620 ³

1074 4701 1086 4724 ιι
1098 4685 1189 4730 tantum
1205 4682 1389 4730 constitueretur
1403 4683 1539 4744 imperium.
1551 4681 1704 4732 considerate
1715 4686 1798 4730 autern
1812 4684 1853 4731 rtit·

1075 4791 1087 4814 ιι
1100 4770 1159 4818 licite
1181 4783 1249 4827 esse,
1260 4769 1355 4818 etiamsi
1370 4783 1425 4818 cum
1446 4769 1526 4818 minus
1541 4770 1677 4832 potentibus
1692 4769 1856 4819 diminurdunr

1076 4879 1087 4901 ι
1100 4861 1170 4918 esset,
1181 4859 1314 4907 relmmenti
1324 4864 1402 4906 vestro
1415 4858 1533 4920 religionis
1546 4859 1625 4908 studio
1635 4858 1746 4920 obsequi,
1760 4859 1856 4922 iureque

1076 4965 1088 4990 ιι
1103 4950 1130 4995 ut
1143 4949 1219 4994 iterun
1237 4945 1334 4993 ernbis
1346 4945 1474 5004 avertatis,
1488 4947 1508 4994 si
1521 4947 1663 4995 necessitate
1678 4945 1757 4994 adacti
1775 4951 1857 4994 unnim
1904 4953 1905 4978 ³

1077 5054 1088 5076 ι
1103 5047 1130 5083 ea
1141 5034 1241 5084 feceritis
1253 5047 1281 5084 en
1292 5035 1379 5096 quibus
1390 5035 1441 5095 ejus
1452 5037 1564 5084 arruilinm
1578 5036 1687 5098 speratis.
1720 5037 1744 5086 Si
1755 5037 1854 5098 quidem

1077 5143 1088 5164 ιι
1104 5121 1196 5170 dierum
1205 5123 1359 5183 septimarum
1371 5123 1441 5171 ritum
1452 5125 1560 5182 servetis,
1570 5123 1746 5186 rrultiqueoperi
1758 5137 1854 5173 menum
1904 5105 1905 5168 ᾗ

1078 5230 1088 5250 ι
1100 5209 1263 5266 οιιοιιινοοιῖε,
1280 5208 1348 5256 tacite
1371 5211 1507 5272 capiemini,
1533 5210 1734 5276 qrremarlmcrlum
1755 5213 1860 5273 mrq'or‘es
