3825 6059
281 514 317 562 82
360 499 533 578 (rora—rutel
784 484 862 555 tut
883 497 981 556 tuin.
1004 495 1192 556 ΠΟΛΕΜΟΥ
1215 499 1307 556 iiiut.
1332 500 1363 558 B.
1718 498 1766 575 [ua
1779 502 1845 577 -rul

278 629 532 708 τνειόιντοννχοιρίοιν
545 624 710 708 κληρονόμος,
722 625 865 707 τετράρχης
878 625 959 697 δδ,ιῖις
970 624 1057 706 προεί·
1106 634 1205 694 giouum
1226 615 1302 685 lroeres
1324 634 1495 692 declarabatur,
1513 633 1609 696 antipas
1629 647 1698 693 uero,
1720 635 1795 695 rrtjam
1810 643 1852 684 arrio

279 740 373 792 πομεν,
389 716 524 786 Ἀντίπας,
542 712 661 792 βασιλεὺς
676 714 703 771 δὲ
720 713 859 793 Ἀρχέλαος
880 712 1057 772 ἀπεδείκνυτο.
1103 721 1221 780 diximus,
1237 723 1370 776 tetraroba.
1388 736 1429 770 rex
1450 735 1506 769 nero
1523 719 1658 770 arciselaus.
1677 721 1737 770 ituio
1755 727 1823 771 autern
1834 729 1852 771 ei
1892 733 1893 752 ³

279 806 373 864 Τούτοι
392 802 419 862 δδ
432 803 477 861 τόν
491 826 518 860 τε
528 801 665 859 δακτύλιον
679 800 723 859 τὸν
737 805 828 859 ἑαυτοῦ
843 801 958 881 Καίσαρι
972 799 1057 881 ρέρειν
1102 810 1217 858 annulum
1234 810 1264 858 ad
1276 814 1396 860 Caesarem
1412 810 1471 858 terre
1491 809 1617 856 mandabat
1631 811 1657 858 et
1668 809 1853 858 administrationis

282 865 444 961 ἐνετέλλετο,
458 913 503 948 και
493 888 588 955 τάς
573 887 711 957 οιοικτσεις
729 892 777 959 τῆς
790 888 924 966 βασιλείας
937 910 1058 963 σεσηαα-
1106 897 1207 947 rationes
1219 897 1294 958 siritio
1310 897 1430 946 munitas:
1444 897 1551 945 omnium
1567 895 1629 944 enirn
1653 909 1707 958 qum
1723 898 1855 946 constitueret

256 978 388 1057 σομένας·
414 980 500 1058 κύριον
523 975 573 1056 γάρ
595 967 759 1033 ἁπάντων
738 1001 775 1033 ιον
798 976 925 1045 διατάξειε
953 974 1057 1053 anitie-
1105 985 1227 1034 domiuum
1241 991 1266 1034 et
1278 985 1412 1033 iestnrurntr
1422 985 1610 1032 confirmatorem
1627 997 1681 1034 esse
1695 987 1815 1044 caemrern,
1829 999 1855 1032 re·

283 1066 455 1137 datura-bs
420 1089 471 1124 των
496 1067 625 1134 διαθηκῶν
647 1053 713 1121 εἶναι
737 1063 874 1142 Καίσαρα·
896 1063 930 1122 τά
952 1087 981 1142 γε
1006 1061 1058 1139 μὴν
1104 1067 1168 1135 qua
1177 1071 1312 1134 reroJurrta
1324 1085 1433 1135 superins
1443 1075 1611 1121 testamentum
1624 1058 1720 1121 serrari.

281 1154 361 1214 λοιπδ
372 1153 440 1212 κατά
451 1153 497 1219 τὰς
510 1175 588 1230 προτε
582 1151 635 1232 ’ρας
651 1150 776 1220 διαθήκας
792 1152 938 1230 ρυλάττειν.
1893 1211 1894 1218 γ

323 1243 357 1303 θ’.
374 1239 428 1311 Βοὴ
443 1238 556 1304 aaroni<
577 1237 678 1313 ἐγένετο
690 1241 742 1294 των
758 1236 893 1317 Ἀρχελάῳ
915 1235 1058 1314 συνηδομά-
1133 1250 1157 1294 θ.
1174 1245 1307 1294 contestlm
1324 1249 1403 1294 autern
1417 1244 1629 1294 elamorsublaius
1642 1249 1679 1294 est
1694 1245 1799 1295 aratrolso
1813 1258 1848 1294 oon
1886 1221 1894 1266 ’ί

281 1354 344 1402 νων,
359 1327 483 1387 καὶκατὰ
497 1328 617 1431 στῖροςοὶ
630 1328 809 1403 στρατιῶται
804 1323 871 1382 μετὰ
887 1347 933 1381 τον
915 1323 1059 1396 ’πληθους
1102 1332 1284 1394 gratulantium,
1302 1330 1439 1394 militesque
1455 1332 1577 1380 turmatim
1597 1345 1652 1380 cum
1673 1334 1756 1395 populo
1770 1333 1857 1381 eumsii·

244 1439 269 1477 ιο
282 1415 622 1524 περιεόντεςίιγτισγνοῒιντο
616 1409 951 1486 ιιίντὴνὲαυτῶνειίνοιαν,
965 1410 1057 1480 συνηό·
1104 1423 1200 1481 pantes,
1212 1424 1310 1469 eisuam
1321 1418 1418 1481 quidem
1436 1419 1458 1468 ei
1474 1419 1659 1482 promittebant,
1671 1421 1757 1482 Delque
1777 1419 1858 1468 benum

281 1525 358 1582 sauro
369 1503 397 1561 δε
413 1525 459 1560 και
448 1501 519 1572 τίν
533 1498 605 1579 παρδι
624 1505 668 1558 τοῦ
688 1501 767 1558 Θεου.
809 1497 886 1558 Meri
898 1521 981 1558 ταυτα
996 1497 1060 1578 πρὸς
1103 1506 1230 1556 lentiamel
1245 1506 1462 1568 comprsonbnninr
1496 1509 1553 1555 Posi
1570 1507 1622 1555 bac
1636 1507 1666 1554 ad
1679 1520 1753 1568 regem
1764 1507 1857 1569 sepelien-

281 1590 365 1671 ταρὴν
379 1589 573 1668 ἐτράποντοτου
556 1585 725 1666 βασιλέως.
768 1585 943 1695 Πμριλιπεδὲ
958 1584 1059 1644 οὖδίνθ
1103 1593 1379 1644 dumseoourertebant
1397 1593 1858 1657 iillrilautemquodadmagnillrouiiau

287 1687 325 1758 p
282 1678 420 1757 γελαος
434 1677 470 1744 εἰς
483 1673 664 1750 πολυτέλειαν,
683 1672 802 1732 άλλά’
764 1696 852 1732 σαντα
866 1672 910 1732 τὸν
928 1672 1021 1751 βασίλε
1023 1697 1060 1732 ιον
1105 1681 1278 1732 taceretonrisit
1288 1681 1432 1742 diabulaus,
1444 1681 1485 1732 sed
1496 1695 1590 1732 omnem
1601 1688 1712 1732 ornatum
1722 1683 1805 1744 regium
1817 1697 1859 1745 pro·

282 1766 380 1841 κόσμον
394 1762 539 1872 προήνεγκε
550 1759 789 1838 συμπομπεύσοντα
803 1784 842 1841 τῳ
861 1784 955 1840 νεκρῳ.
977 1760 1060 1832 Κλίνη
1104 1769 1172 1830 tulit,
1185 1773 1378 1832 utonmpompa
1394 1769 1518 1819 aberretur
1533 1773 1652 1819 mortuus.
1684 1769 1858 1833 uniusquidem

246 1875 271 1913 is
285 1851 331 1929 μὲν
342 1851 480 1930 ὁλόχρυσος
491 1873 523 1921 ην
536 1817 661 1918 διάλιθος,
673 1847 796 1928 στρωμνὴ
810 1819 838 1906 δί
860 1847 1059 1926 ἀλουργὴςποι-
1104 1863 1154 1908 erat
1180 1850 1246 1907 iotu's
1270 1871 1299 1907 οε
1327 1871 1399 1918 auro,
1421 1857 1522 1920 gemmis
1544 1858 1685 1917 distinctus,
1704 1860 1798 1920 stragula
1818 1871 1860 1906 τετυ

275 1939 406 2011 .ιλη,
382 1961 412 1996 το
425 1941 501 2014 σῶμα
523 1936 551 1996 di
568 1939 618 1996 ἐπ’
624 1938 703 2008 αὐτῆς
720 1935 1060 2016 πορρόρακεκαλνμμίνον,
1106 1945 1198 1994 murice
1212 1946 1278 1994 vario
1299 1945 1430 2007 reirdgens,
1443 1959 1562 2009 superque
1578 1959 1859 2010 eacorpuspurpurauoo-
1894 1937 1895 1958 ³

272 2050 329 2084 ,και
320 2023 501 2098 διάδημαί
469 2049 516 2100 μ.ν
528 2024 690 2083 ἕπε’κειτο”
658 2048 690 2102 τη
704 2022 951 2105 κεραλῇ,στε’ρανος
961 2022 988 2082 δὲ
998 2022 1061 2102 υπὲρ
1106 2038 1213 2096 pertum;
1226 2033 1330 2096 etmulti
1343 2033 1439 2094 quidem
1454 2033 1592 2096 impositum
1604 2039 1655 2083 erat
1664 2034 1780 2094 diadema,
1790 2047 1860 2083 eurora

270 2116 363 2172 ἀὐτοῦ
388 2119 512 2191 χρυσοῦς,
542 2111 573 2169 τὸ
597 2110 624 2168 δὲ
649 2115 781 2190 σκῆπτρον
801 2108 873 2188 παρά
896 2108 943 2180 τὴν
968 2108 1060 2178 δεξιάν.
1106 2120 1411 2183 rerodesuperauren,ot
1433 2121 1516 2170 dextra
1536 2125 1660 2184 sceptrum
1673 2122 1778 2172 babebat.
1798 2127 1826 2171 ,ic
1837 2121 1860 2168 le·

272 2202 340 2261 Ι’Καὶ
359 2199 420 2279 περὶ
441 2198 487 2276 μὲν
512 2197 559 2269 τὴν
574 2198 663 2268 κλίνην
685 2195 711 2255 οἵ
731 2221 758 2256 τε
779 2200 841 2263 υἱεῖς
859 2196 947 2255 καὶτὸ
964 2198 1062 2267 πλῆθος
1105 2213 1171 2256 cium
1188 2207 1306 2269 stipabant
1323 2211 1348 2256 et
1366 2207 1439 2256 lllilei
1457 2213 1611 2270 cognatorum
1635 2209 1772 2268 multitudo,
1789 2207 1861 2270 qrribu

245 2308 272 2345 ευ
284 2293 334 2347 τῶν
353 2291 491 2365 συγγενῶν,
506 2286 544 2368 ἐρ’
559 2278 594 2354 οἶς
612 2288 635 2344 οἱ
656 2285 808 2366 δορυρόροι,
830 2285 923 2344 καὶτὸ
944 2284 1061 2366 Θρᾴκιον
1107 2294 1208 2357 proximi
1229 2294 1352 2355 satellites,
1374 2298 1398 2344 et
1420 2308 1504 2354 agmen
1524 2296 1669 2357 Tlrraclrrm,
1689 2301 1713 2346 et
1728 2297 1826 2346 Germani
1843 2299 1861 2342 ei
1895 2275 1896 2356 ]

284 2383 388 2456 στῐρος,
412 2373 542 2454 Γερμανοί
562 2398 590 2432 τε
613 2373 658 2432 καί
688 2371 823 2443 Γαλάται,
851 2371 1062 2449 διεσκευασμένοι
1106 2381 1304 2444 Gaiii‚slmiiiier
1322 2383 1436 2432 oruatino
1451 2383 1507 2431 siin
1523 2383 1702 2434 iseilumiretur.
1733 2384 1862 2434 ceierirrro

285 2465 378 2529 πάντες
390 2466 424 2529 ὡς
438 2466 473 2528 εἷς
488 2461 611 2539 πολεμον.
656 2459 830 2574 [Ιροῆγεδδὴ
852 2460 931 2532 λοιπὴ
944 2460 1062 2538 δύναμις,
1107 2471 1194 2520 milites
1206 2469 1333 2533 praeibant
1346 2471 1419 2520 armis
1431 2470 1555 2531 instructi
1569 2471 1644 2521 duces
1658 2487 1714 2522 suos
1727 2473 1862 2532 ordinumque

286 2551 444 2627 ωπλισιιενοι
456 2573 508 2616 τοι
516 2550 635 2628 ἡγεμόσι
648 2573 693 2607 και
702 2574 746 2606 τα
735 2549 866 2660 ζιάργοις
863 2549 1061 2614 austrobertae
1107 2558 1219 2607 ductores
1234 2557 1340 2607 modeste
1352 2558 1511 2620 ‹lecenterque
1525 2565 1674 2621 sequentes:
1689 2566 1758 2624 atque
1771 2566 1818 2623 posi
1828 2559 1862 2606 bos

286 2641 313 2696 ἀν
332 2641 437 2716 κόσμῳ·
452 2636 617 2695 πεντακόσιοι
635 2636 718 2694 δὲ”
676 2662 712 2694 un
734 2637 818 2701 αὐτοῖς
832 2638 883 2692 τῶν
898 2637 989 2693 οίκε”
941 2657 1005 2691 τιον
1018 2632 1063 2691 καί
1107 2645 1229 2708 quingenti
1246 2645 1365 2694 iamrriiei
1384 2645 1701 2698 libertiaromainlerenios
1732 2651 1816 2710 Corpus
1829 2661 1862 2694 ιιι

242 2742 274 2780 σο
288 2697 466 2804 ἀπελευθάρων
490 2723 697 2803 ἀρωματορόροι.
750 2721 874 2788 Σταδίους
890 2719 916 2778 δε
937 2721 1062 2797 ἐκομίσθη
1108 2737 1155 2781 tem
1170 2746 1212 2794 per
1232 2733 1333 2782 duoenta
1354 2733 1429 2782 stadia
1441 2733 1547 2783 delatum
1560 2740 1597 2783 est
1617 2735 1642 2784 iu
1667 2735 1806 2794 ilerodenm,
1821 2733 1897 2789 ubi,1

286 2811 316 2868 τὸ
339 2815 416 2886 σῶμα
434 2811 579 2877 διακοσίους
603 2814 638 2874 είς
662 2807 812 2888 Ηρόιδειον,
839 2807 903 2866 δπου
926 2806 995 2865 κατά
1018 2807 1064 2874 τάς
1108 2825 1178 2882 prout
1193 2821 1270 2869 iuerat
1285 2819 1436 2881 mandatum,
1453 2822 1572 2884 sepultum
1591 2828 1637 2872 ost.
1671 2827 1702 2874 Et
1713 2837 1764 2886 quu
1782 2822 1807 2871 ad
1825 2823 1861 2871 ile·

279 2868 395 3044 {urnii}
407 2897 499 2977 ἑτάρη.
541 2896 597 2956 itai
612 2894 645 2954 rii
661 2893 709 2971 μίν
723 2893 817 2974 περλ-ε
819 2893 929 2975 Ηρόνδην
948 2899 1062 2953 τοιοῦτον
1109 2907 1191 2959 rodem
1202 2907 1299 2970 quidem
1310 2911 1418 2972 speotsnt
1430 2907 1565 2970 butusmodr
1578 2911 1592 2959 i
1586 2923 1649 2960 nem
1663 2912 1782 2960 trabebant.

302 3007 350 3063 oye
398 3007 452 3064 ρας

585 3119 758 3145 -οοοοο-
1399 3122 1570 3148 ⁴000&—

582 3252 706 3312 aoros
727 3251 766 3311 u.
1211 3217 1214 3220 ’
1350 3259 1354 3267 ·
1407 3251 1514 3309 trouu
1537 3251 1573 3311 n.

278 3420 316 3470 ,χ
325 3420 406 3472 ὀπως
415 3415 546 3479 Ἀρχέλαος,
554 3414 667 3472 πενθήσας
674 3413 713 3461 τὸν
720 3414 808 3476 πατέρα
816 3415 856 3461 καὶ
865 3415 892 3462 τὸ
899 3414 983 3472 πλῆθος
991 3414 1064 3464 tund·
1116 3423 1134 3461 i.
1144 3416 1265 3471 Quomodo
1273 3415 1403 3468 archelaus,
1412 3427 1484 3471 quarn
1490 3419 1576 3471 patrem
1587 3417 1683 3464 luxisset
1690 3422 1711 3464 et
1719 3419 1817 3476 populum
1823 3425 1863 3460 con·

318 3509 376 3549 σας,
388 3489 537 3551 ἐθεράπευσεν
548 3487 582 3549 ἐφ’
594 3487 628 3543 aig
639 3488 745 3550 ᾐτοῦντο,
1137 3489 1199 3534 rivio
1210 3489 1347 3545 exmpisset,
1358 3489 1383 3532 ln
1393 3488 1421 3532 lis
1430 3499 1482 3543 que
1489 3489 1634 3544 postulabant
1644 3491 1688 3535 iliis
1699 3491 1863 3547 gratillmiusrst.

288 3561 317 3624 β’.
326 3562 407 3614 Ὄντως
419 3559 463 3606 οὐκ
473 3557 564 3618 δλίγους
572 3561 620 3604 τῶν
627 3557 771 3604 πενθούντων
779 3555 833 3612 τοὺς
842 3557 880 3604 διὰ
891 3558 958 3606 ἀετὸν
967 3559 1013 3608 ὑπὸ
1023 3563 1064 3608 τοῦ
1108 3562 1128 3603 t.
1141 3558 1261 3616 Quomodo
1280 3559 1363 3604 multos
1377 3571 1405 3602 ex
1423 3559 1482 3612 illis,
1500 3560 1541 3614 qul
1556 3561 1671 3614 sopblsins
1688 3563 1718 3606 ob
1734 3563 1824 3618 nquiiaru
1840 3569 1862 3600 re

317 3629 422 3690 Ἡρώδου
436 3626 618 3682 hamonem(
634 3625 759 3686 σοφιστὰς,
774 3626 815 3672 καὶ
828 3624 910 3674 στάσιν
927 3629 980 3676 κατ’
993 3629 1064 3678 adanu
1134 3628 1223 3672 rulmsn
1238 3627 1324 3671 ourisos
1337 3627 1366 3670 ab
1384 3626 1472 3671 iiorode
1484 3628 1602 3684 lugebunt,
1618 3633 1641 3674 et
1656 3631 1784 3675 seditionem
1801 3629 1864 3672 mntm

318 3697 462 3762 ἐγειρόντων,
474 3696 595 3743 ἀπέκτεινε
605 3697 645 3742 καὶ
657 3694 758 3756 μάλιστα
772 3701 818 3742 τῶν
830 3695 984 3746 συνελθόντων
994 3700 1017 3747 ἀν
1029 3706 1062 3764 τῷ
1136 3696 1211 3750 ipsum
1221 3694 1342 3740 mouebant
1347 3695 1486 3750 ,interimite
1496 3698 1667 3753 praesertimque
1675 3711 1713 3744 eos
1723 3701 1760 3754 qui
1771 3695 1865 3742 tumbalis

304 3768 414 3852 ι,Πάσχα
1134 3765 1234 3820 tempore
1242 3765 1403 3807 minuenerant.

287 3837 317 3898 γ’.
327 3838 422 3896 Ὅπ,ως
432 3834 591 3897 ἀπερχομένου
603 3832 725 3914 Ἀρχελάου
735 3835 783 3890 εἰς’
784 3836 878 3897 Ρώμην,
888 3838 984 3893 Σαδῖνος
974 3838 1064 3888 ἀνιὼν
1108 3849 1127 3889 a.
1138 3841 1260 3898 Quomodo
1269 3841 1378 3894 saulum,
1389 3841 1500 3886 Archelao
1509 3817 1710 3890 bomamabeunte
1715 3857 1796 3902 ,quurn
1806 3845 1865 3887 illem

316 3907 349 3960 εἰς
362 3904 509 3966 Ιεροσολυμα
518 3903 621 3961 θπηντα
630 3902 701 3951 καί
677 3919 729 3950 τοτε
739 3905 918 3967 μὲνπαρακληθε
920 3907 993 3962 leland
1003 3909 1063 3958 Obd-
1134 3911 1224 3965 solyma
1235 3909 1379 3964 aseenderet,
1398 3911 1419 3954 el
1440 3911 1463 3954 io
1483 3910 1520 3954 sla
1533 3911 1675 3967 occurrebat,
1687 3917 1709 3959 ei
1723 3918 1774 3958 tuno
1790 3910 1864 3966 quidem

319 3990 360 4038 ρου
372 3973 550 4036 ἀποστρέφεται,
559 3973 640 4021 ἔπειτα
649 3972 785 4029 ἀπελθόντος
793 3974 914 4036 Ἀρχελάου
925 3977 992 4026 πάλιν
1004 3978 1063 4028 ἀνελ-
1133 3977 1226 4023 hortatu
1240 3978 1294 4021 Vari
1310 3989 1413 4022 resersus
1427 3981 1460 4021 esi
1473 3977 1582 4033 :deinde,
1597 3991 1671 4034 quum
1692 3983 1763 4026 varus
1780 3981 1864 4025 abiisset.

319 4042 434 4092 θὼντάτε
444 4043 551 4104 βασίλεια
557 4042 743 4104 παραλαμθάνειν
755 4044 859 4106 ἐπειρᾶτο
869 4049 907 4097 καὶ
916 4048 946 4095 τὰ
955 4049 1064 4110 χρήματα
1134 4060 1213 4095 rursus
1227 4049 1282 4107 litqo
1295 4047 1432 4101 aseendens,
1444 4051 1467 4092 et
1477 4050 1562 4104 regiam
1574 4061 1687 4106 occupare
1695 4053 1804 4100 studebat.
1813 4052 1830 4094 ri
1838 4060 1865 4102 pe

318 4115 394 4164 πάντα
407 4114 551 4176 κομίζεσθαι,
560 4115 580 4162 ei
590 4116 630 4161 καὶ
640 4115 672 4176 μη
682 4115 787 4172 ἐδυνήθη.
1133 4121 1225 4164 eunium
1234 4129 1324 4172 omnem
1335 4117 1438 4171 auterre,
1448 4129 1580 4174 quanquam
1591 4121 1677 4166 trustra
1686 4123 1709 4167 td
1719 4123 1813 4167 tentndl.
1894 4129 1897 4140 ·

288 4189 315 4237 δ.
325 4187 406 4241 Ὄντως
424 4183 531 4238 Ἀντίπας
539 4185 700 4245 ἠμαισάήτησε
709 4191 748 4242 τῆς
761 4185 877 4247 βασιλείας
891 4191 925 4250 τῷ
933 4187 1063 4252 Ἀρχελάῳ,
1109 4202 1129 4240 a.
1142 4195 1265 4252 Quomodo
1282 4195 1378 4252 dutlpas
1397 4207 1449 4240 οιιιιι
1468 4197 1579 4242 Arobeiao
1599 4197 1628 4241 de
1646 4210 1717 4254 reguo
1732 4195 1865 4244 oonienderit.

319 4259 360 4307 καὶ
371 4257 411 4305 οἱα
421 4255 556 4317 θκάτερος’
536 4270 600 4302 ειπεν
611 4256 686 4316 ἐαυτῷ
696 4256 869 4317 συνιστάμεναι.
1133 4276 1229 4322 qumque
1239 4268 1335 4320 uterque
1344 4267 1367 4308 in
1377 4266 1413 4310 sul
1423 4265 1577 4312 delenstouern
1589 4267 1681 4314 dixerit

287 4341 315 4380 σι
325 4330 407 4383 Oura<
418 4325 655 4379 Σαὸίνουθπελθόντος
664 4325 839 4387 Ἰεροσολύμοις,
845 4344 885 4375 και
877 4327 1030 4390 ’βιαζομένου
1039 4345 1064 4377 τε
1108 4341 1131 4381 ο.
1143 4335 1272 4391 Quomodo,
1281 4337 1401 4390 postquam
1411 4335 1567 4392 Hierosolyma
1579 4343 1671 4384 uenerat
1679 4339 1781 4392 Sabinus,
1792 4337 1865 4389 simque

317 4399 370 4454 τοὺς
379 4397 459 4460 φόρους
470 4393 593 4456 tepidior
603 4395 678 4442 ani*
654 4411 683 4442 τα
695 4396 805 4457 βασιλικὰ
816 4399 924 4482 χρήματα
935 4398 1064 4460 διερευνῶν·
1135 4405 1258 4450 adhibebat
1271 4405 1300 4449 ad
1312 4404 1397 4450 tributa
1406 4406 1530 4462 capienda,
1542 4409 1564 4451 et
1580 4410 1652 4464 regias
1666 4405 1865 4464 poeoniuerquire

319 4486 372 4526 σος,
381 4468 511 4555 usurparem
519 4466 547 4514 τὸ
555 4466 640 4523 πλῆθος
648 4463 749 4528 πόλεμον
759 4466 810 4516 κατ’
817 4467 889 4516 αὐτου
897 4470 1304 4533 σννιοτήσατο,1ναι,ροριι1υε
1323 4475 1387 4521 iactis
1399 4477 1526 4532 agminibus
1545 4478 1631 4524 beilum
1647 4479 1671 4526 lu
1686 4491 1737 4526 eum
1750 4474 1865 4524 esuriisti!

318 4542 345 4590 ἐκ
355 4540 380 4588 δὲ
390 4539 472 4588 aaaron
485 4537 549 4594 καὶὴ
560 4540 627 4584 πᾶσα
635 4535 701 4598 χώρα
713 4535 864 4594 ἐστασιάσθη.
1135 4550 1203 4602 sique
1214 4546 1267 4591 iude
1276 4549 1395 4603 pertoiam
1405 4547 1505 4592 induam
1515 4549 1566 4593 oria
1574 4551 1608 4594 est
1617 4549 1706 4595 seditim

286 4609 318 4664 ς’.
330 4609 386 4670 Περὶ
401 4613 447 4656 τῶν
467 4606 491 4654 ἐν
502 4610 532 4667 τῇ
545 4605 612 4668 χώρᾳ
627 4611 674 4653 τῶν
686 4606 807 4654 Ἰουδαίων
817 4606 1005 4664 ἐπαναστάντων.
1025 4610 1065 4656 καὶ
1110 4623 1130 4662 ο.
1144 4619 1177 4661 De
1191 4617 1219 4660 ils
1234 4617 1275 4672 qai
1291 4617 1315 4660 lu
1326 4615 1404 4661 iudaea
1416 4617 1603 4663 insurrectionem
1618 4617 1732 4673 ieoeraut,
1743 4613 1865 4672 strepitis

320 4683 402 4738 σχῆμα
413 4676 790 4739 &contaminatorum
1009 4695 1014 4704 ·
1135 4686 1199 4740 signe
1209 4683 1300 4728 sibimet
1310 4681 1476 4738 imposuerunt.

289 4745 315 4801 C·
326 4745 408 4800 Ὄπτκ
418 4745 508 4807 Οὔαρος
516 4744 618 4794 Militi
626 4743 668 4802 τήν
681 4759 706 4793 τε
718 4743 802 4794 στάσιν
810 4746 954 4796 κατέκαυσεν
966 4748 1065 4802 καὶτοὺς
1109 4761 1129 4800 7.
1141 4755 1261 4812 Quomodo
1272 4755 1358 4806 Vorus,
1369 4757 1488 4811 postquem
1498 4767 1526 4800 so
1535 4759 1640 4809 venerat,
1651 4761 1674 4802 et
1682 4758 1809 4802 seditionem
1818 4760 1865 4796 oon

321 4813 407 4868 αἰτίους
417 4813 535 4863 ἐκόλασεν.
619 4851 625 4861 .
1136 4823 1213 4878 posuit
1223 4826 1246 4867 et
1257 4823 1280 4867 ln
1291 4825 1339 4878 etur
1351 4825 1455 4868 auctores
1465 4824 1632 4870 animadvertit.

290 4884 319 4943 η’.
331 4883 413 4939 Ὅπως
417 4883 524 4932 Ἰουδαῖοι
532 4881 712 4946 παραγεγονότος
720 4883 776 4947 πρδς
786 4884 894 4948 Καίσαρα
903 4886 1066 4948 κατηγόρησαν
1110 4895 1131 4934 s.
1143 4891 1265 4945 Quomodo
1275 4890 1361 4944 iudei,
1370 4901 1442 4946 quum
1452 4893 1480 4936 ad
1486 4893 1597 4938 omrem
1605 4895 1766 4949 peruenissent,
1772 4885 1865 4936 suatur

290 4980 295 4988 ·
321 4953 427 5016 Ἡρώδου
438 4953 478 5000 καὶ
486 4956 533 5000 τῶν
543 4953 614 5001 αὐτοῦ
622 4951 722 5010 παίδων,
732 4953 845 5036 ἀξιοῦντεγ
854 4956 935 5017 μηκέτι
946 4956 1066 5018 βασιλεύε-
1136 4962 1230 5015 eiusque
1247 4959 1307 5004 illios
1320 4963 1470 5014 aoousaruui,
1484 4961 1623 5016 postulantes
1637 4965 1663 5008 ut
1678 4973 1724 5007 uon
1739 4959 1829 5015 amplius
1839 4963 1865 4998 i*

251 5055 257 5066 .
322 5024 389 5073 σθαι·
402 5023 464 5070 καθ’
451 5039 483 5077 ως
495 5020 614 5083 Ἀρχελαος
622 5020 732 5077 ἀντίθηκε
744 5025 817 5079 τάς·
794 5023 870 5080 αιτίας
883 5024 1066 5088 ἀποσκευαζόμε-
1137 5029 1361 5084 uibussuiojlclaniur
1369 5044 1375 5072 ι
1383 5032 1406 5074 et
1414 5031 1530 5086 quomodo
1537 5031 1662 5078 Archelaus
1668 5022 1866 5084 semuetsopposdl

323 5115 370 5153 ,σς
1136 5095 1411 5142 etaoousationesdiiuit.

291 5171 331 5217 θ’·
338 5168 419 5222 ὀπως
433 5167 522 5224 Καῖσαρ
531 5162 610 5224 τὸμὲν
619 5163 691 5224 ἥμισυ
704 5169 745 5221 τῆς
756 5166 875 5226 βασιλείας
886 5165 1028 5229 Ἀργελάῳ
1015 5169 1066 5223 τοὺς
1109 5181 1129 5220 s
1148 5175 1268 5230 Quomodo
1278 5177 1358 5226 caesar
1368 5187 1440 5231 quum
1456 5189 1494 5233 reg
1495 5178 1517 5222 nl
1526 5178 1619 5233 quidem
1638 5179 1757 5225 dimidium
1770 5172 1866 5221 sanein

321 5237 573 5300 ἐονάρχηνετροσεῐπεν,
580 5233 766 5289 τδδὲλοιπὸνεὶς
773 5235 814 5283 δύο
827 5237 908 5284 διελὼν
924 5237 1067 5298 τετραρχίας,
1132 5244 1245 5300 dedisset,
1252 5245 1461 5292 eibnurclaameum
1471 5249 1602 5305 appellauit
1611 5243 1865 5305 mitquumverotnduas
