3825 6059
49 525 176 598 irrupta-a.)

47 678 88 724 σις,
98 654 139 711 καὶ
155 653 232 732 τέχνη
248 652 311 731 πρὸς
335 654 496 731 δυναστείαν,
508 656 555 723 τάς
569 656 653 736 δρχάς
667 656 701 715 δι’
717 660 802 715 αὑτῶν

47 740 229 813 καθισταμένοις.
303 777 308 784 ·

76 828 105 896 q'.
123 827 171 885 Καὶ
195 825 228 896 δὴ
246 827 481 906 μεταπεμψάμενοι
501 827 564 904 μίαν
580 834 630 887 τῶν
651 824 802 909 ἀρχιερατι-

46 921 86 971 κῶν
96 914 171 994 ρυλήν
184 914 340 991 (Ἐνιαχείμ
346 916 496 991 καλεῖται),
507 917 655 994 διεκλήρουν
665 918 802 998 ἀρχιερέα·

29 1003 151 1079 ιλαγχάνει
169 1003 190 1057 δ’
213 999 268 1058 ἀπὸ
289 1000 371 1079 τύχης
394 1007 409 1059 b
429 1002 544 1077 μαλιστα
568 1002 695 1071 διαδείξας
719 1008 802 1062 αὐτῶν

47 1088 258 1167 τήνταρκνομίαν,
273 1088 392 1155 Φαννίας
411 1112 449 1156 τις
466 1090 564 1165 ὄνομα,
575 1092 628 1159 υίὸς
646 1091 803 1167 Σαμουήλου

45 1176 117 1250 κώμης
129 1172 238 1254 Ἄρθας,
253 1175 321 1255 ἀνὴρ
336 1178 365 1233 σθ
380 1176 457 1249 μόνον
471 1178 517 1235 οὐκ
534 1176 560 1244 ἐξ
577 1178 732 1256 ἀρχιερέων,
746 1179 804 1235 ἀλλ’

47 1265 87 1321 uti*
101 1262 264 1338 ἐπιστάμενος
287 1267 376 1343 σαρῶς
396 1261 422 1319 τί
439 1286 502 1321 ποτε
519 1257 551 1335 ήν
570 1264 749 1344 ἀρχιερωσύνη
769 1266 803 1322 δι’

47 1351 166 1423 ι’γροικίαν·
187 1349 240 1407 ἀπὸ
252 1356 317 1428 γοῦν
337 1354 382 1420 τῆς
396 1350 484 1430 χώρας
507 1350 584 1409 αὐτὸν
598 1352 693 1410 άκοντα
710 1352 802 1431 σύραν-

29 1460 89 1506 ςτες,
99 1438 179 1516 ὥσπερ
190 1438 234 1494 ἐπὶ
249 1442 364 1509 σκηνῆς,
377 1438 504 1518 ἀλλοτρίῳ
518 1438 694 1515 κατεκόσμουν
703 1463 804 1520 προσω·

48 1525 106 1603 sain,
117 1525 160 1593 τήν
170 1548 198 1582 τε
215 1527 316 1595 ἐσθῆτα
329 1524 499 1604 περιτιθέντες
514 1526 562 1595 τὴν
579 1525 660 1603 ίερδιν,
673 1528 717 1584 καί
733 1527 763 1584 τὸ
778 1528 804 1585 τί

48 1614 77 1667 δεῖ
86 1613 157 1668 ποιεῖν
165 1612 210 1679 ἐπὶ
225 1618 319 1691 καιροῦ
332 1613 503 1679 διδάσκοντες.
546 1614 633 1683 Χλεύη
650 1617 673 1671 δ’
688 1606 717 1685 ήν
732 1615 804 1672 ἐκεί-

48 1722 86 1763 νοις
95 1699 134 1755 καί
146 1699 237 1757 παιδιά
250 1700 281 1757 τό
295 1702 446 1769 τηλικοῦτον
461 1700 598 1773 άσέίέημα·
612 1711 664 1766 τοῖς
676 1702 705 1759 δέ
719 1702 804 1767 ἄλλοις

48 1788 146 1863 ἱερεῦσιν,
157 1789 338 1862 ἐπιθεωμένοις
348 1786 479 1865 πόρρωθεν
490 1788 643 1861 παιζόμενον
652 1789 696 1845 τὸν
714 1789 802 1863 νόμον,

29 1873 147 1950 ιέακρύειν
159 1872 249 1951 ἐπῄει,
264 1874 313 1932 καί
328 1877 478 1933 κατέστενον
497 1875 606 1945 τὴντῶν
625 1878 700 1954 ίερῶν
722 1880 803 1951 τιμῶν

50 1960 177 2019 κατάλυσιν.

80 2049 106 2105 l'.
119 2048 217 2119 Ταύτην
231 2048 282 2120 τὴν
297 2048 396 2124 τόλμαν
408 2053 492 2108 αὐτῶν
504 2054 550 2108 οὐκ
563 2048 670 2127 ἤνεγκεν
685 2052 804 2125 δδῆμος,

51 2133 94 2189 ἀλλ’
106 2138 136 2201 ιὐς
148 2136 189 2193 ἐπὶ
197 2137 348 2215 τυραννίδος
358 2136 499 2195 κατάλυσιν
509 2137 629 2215 ὥρμηντο
639 2137 741 2203 πάντες.
751 2139 804 2197 Καὶ

52 2220 89 2297 γάρ
98 2224 118 2279 nl
130 2223 247 2302 inpulisset
262 2226 397 2289 δοκοῦντες
408 2226 502 2294 αὐτῶν,
518 2225 623 2302 Γωρίων
637 2248 664 2281 τε
677 2223 728 2290 υίὸς
743 2225 803 2286 Ἰω-

29 2309 118 2377 sciro
131 2311 194 2368 καῖθ
208 2311 381 2388 Γαμαλιήλου
394 2310 513 2386 Συμεὼν,
522 2311 695 2390 παρεκρότουν
710 2315 735 2369 ἐν
748 2322 805 2380 ταῖς

53 2396 174 2468 ἐκκλησίαις
188 2402 296 2478 ἀθρόους
313 2399 358 2457 καί
381 2400 439 2457 κατ’
457 2399 523 2457 ἰδίαν
543 2400 682 2477 περιιόντες
695 2399 803 2458 έκαστον

53 2483 90 2552 ήδη
100 2486 153 2543 ποτὲ
168 2487 290 2547 τίσασθαι
309 2487 366 2554 τοίις
378 2488 513 2561 λυμεῶνας
526 2490 570 2557 τῆς
585 2487 743 2567 ἐλευθερίας,
760 2488 803 2545 καὶ

54 2576 144 2649 καθῆραι
155 2578 203 2631 τῶν
219 2575 367 2654 μιαιφόνων
378 2576 407 2633 τὸ
421 2576 503 2651 ἅγιον,
545 2573 583 2634 Oi
593 2598 621 2632 τε
633 2573 805 2649 δοκιμώτατοι

54 2660 92 2713 τῶν
104 2660 240 2739 ἀρχιερέων,
261 2662 377 2734 Γαμαλᾶ
395 2659 441 2737 μέν
458 2660 511 2726 nil<
528 2660 644 2736 Ἰησοῦς,
659 2661 763 2719 Ἀνάνου
778 2658 805 2719 δέ

30 2739 151 2820 strum,
168 2750 252 2806 πολλὰ
266 2748 312 2805 τὸν
327 2751 409 2824 δῆμον
424 2751 459 2814 είς
472 2748 577 2805 νωθείαν
592 2747 804 2815 κατονειδίζοντες

57 2833 76 2886 ἐν
93 2843 139 2899 ταῖς
153 2836 277 2907 συνόδοις,
290 2831 425 2916 ἐπήγειρον
446 2842 495 2899 τοῖς
510 2840 649 2904 ζηλωταῖς·
663 2841 738 2893 τοῦτο
755 2836 804 2912 γάρ

57 2920 129 2985 αὑτούς
141 2924 263 2982 ἐκάλεσαν
284 2928 319 2990 ῶς
333 2927 374 2981 ἐπ’
394 2926 499 3001 ἀγαθοῖς
516 2921 726 2997 ἐπιτηδεύμασιν,
748 2924 806 2979 ἀλλ’

56 3005 101 3083 υθρί
112 3010 262 3079 ζηλώσαντες
276 3010 310 3068 τδι
323 3011 434 3069 κάκιστα
444 3014 495 3067 τῶν
507 3010 587 3090 ἔργων
602 3010 646 3068 κοιῖ
660 3009 805 3090 θπερῦαλό-

56 3114 120 3162 μενοι.

30 3190 48 3231 ii
86 3180 149 3256 (IV.)
163 3186 188 3243 ι’.
204 3184 256 3245 Καί
270 3182 477 3256 δὴσυνελθόντος
488 3189 533 3243 τοῦ
542 3184 654 3254 πλήθους
663 3187 698 3250 είς
711 3186 806 3254 ἐκκλη-

57 3264 108 3336 σίαν,
116 3271 155 3328 καί
164 3273 266 3332 πάντων
278 3274 491 3349 ἀγανακτούντων
506 3271 553 3348 μὲν
564 3271 606 3330 ἐπί
617 3276 649 3350 τῇ
661 3272 806 3349 καταλήψει

56 3356 95 3408 τῶν
106 3356 183 3433 ἁγίων,
195 3367 251 3427 ταῖς
266 3383 298 3417 τε
313 3360 457 3439 ἁρπαγαῖς,
469 3360 514 3417 καί
531 3364 582 3424 τοῖς
595 3356 805 3437 πεφονευμένοις,

56 3439 206 3524 οὗτωδέπρος
214 3449 262 3518 τήν
273 3448 375 3523 ἄμυναν
387 3446 561 3524 ὡρμημένων,
577 3449 613 3523 τῷ
625 3444 806 3524 δυσεπιχειρή-

58 3547 115 3597 illi,
126 3530 181 3608 ὅπερ
194 3527 239 3605 ἦν,
254 3534 314 3599 τοὺς
326 3534 443 3603 ζηλωτάς
459 3532 663 3608 θπολαμύάνειν,
675 3532 807 3598 καταστὰς

32 3613 159 3687 *tigrinum
171 3625 184 3679 b
194 3620 314 3691 Ι’ἀνανοη
326 3622 371 3678 καὶ
384 3620 510 3685 πολλάκις
520 3624 555 3686 εἰς
566 3619 610 3677 τὸν
623 3620 683 3676 ναὸν
698 3618 805 3688 ἀπιδών,

57 3699 168 3773 ἐμπλήσας
184 3733 211 3767 τε
227 3710 288 3775 τοὺς
301 3707 447 3788 ὀφθαλμοὺς
461 3708 614 3783 δακρύσῃς
629 3698 646 3777 ἦ
661 3707 740 3764 καλόν
759 3730 804 3781 γε,

60 3779 143 3863 wissa,
154 3786 183 3864 ἦν
197 3797 253 3872 ἐμοὶ
268 3795 403 3869 τεθνάναι,
427 3796 487 3874 πρίν
504 3797 600 3853 ἐπιδεῖν
614 3796 656 3853 τὸν
679 3783 748 3853 οἷκον
761 3800 806 3851 τοῦ

59 3878 133 3935 ·θευῑ
142 3883 266 3951 τοσούτοις
281 3884 355 3959 ἄγεσι
366 3881 562 3959 καταγέμοντα,
581 3883 625 3940 καί
639 3882 684 3948 τθς
696 3881 807 3947 ἀύάτους

59 3965 114 4019 «καῖ
131 3967 198 4042 ἁγίας
215 3971 305 4051 χώρας
321 3971 382 4029 ποσί
401 3970 541 4050 μιαιφόνων
557 3967 807 4048 στενοχωρουμένας.

33 4070 68 4109 ιι·
80 4049 144 4110 ’ἀλλὰ
154 4060 326 4136 περικείμενος
338 4058 386 4129 τήν
402 4056 583 4138 ἀρχιερατικὴν
596 4059 710 4131 ἐσθῆτα,
722 4055 767 4114 καί
779 4055 807 4113 τθ

60 4160 69 4180 ·
79 4140 215 4212 τιμιώτατον
224 4147 382 4222 καλούμενος
393 4151 444 4205 τῶν
456 4145 606 4220 σεόασμίων
615 4144 757 4221 ὀνομάτων,
773 4147 808 4211 ζῶ

61 4224 115 4281 «sui
127 4233 270 4312 ριλορυχῶ,
284 4232 376 4305 μηκέτι
387 4231 450 4310 θπίρ
465 4234 560 4307 τοθμοῦ
573 4231 659 4309 γήρως
673 4228 807 4305 ὑπομένων

62 4334 69 4352 ·
82 4311 284 4378 absinthialem.
327 4323 361 4380 Εἰ
375 4320 401 4377 δὲ
416 4318 447 4389 δὴ
464 4318 537 4389 μόνος
547 4317 616 4393 εἰμί,
629 4317 674 4374 καί
690 4319 807 4397 καθάπερ

62 4399 207 4486 ·ἐνέρημίιρ,
218 4409 265 4477 τὴν
280 4410 392 4483 ἐμαυτοῦ
408 4406 493 4485 ψυχήν
513 4405 634 4463 ἐπιδώσω
649 4402 729 4481 μόνην
744 4402 808 4481 ὑπέρ

35 4500 70 4539 li'
81 4489 117 4539 τῶ
133 4492 204 4552 Θεοῦ.
242 4497 268 4553 Τ
270 4494 278 4551 ί
292 4492 342 4574 γάρ
357 4492 402 4550 καί
421 4495 460 4550 δεῖ
472 4496 516 4563 ζῆν
536 4495 561 4549 ἐν
576 4492 652 4573 δήμω
670 4494 807 4571 συμφορῶν

62 4593 71 4615 a
83 4571 271 4651 ἀναισθητοῦντι,
283 4580 328 4639 καί
338 4581 399 4658 παρ’
412 4571 448 4643 οἷς
459 4578 592 4637 ἀπόλωλεν
605 4584 621 4650 ἡ
631 4584 683 4636 τῶν
694 4580 721 4635 ἐν
734 4576 807 4655 χερσί

63 4665 158 4719 ιπαθῶν
177 4670 321 4748 ἀντιληψις;
340 4666 512 4748 ἁρπαζόμενοι
528 4672 589 4746 γοῦν
604 4666 742 4745 ἀνέχεσθε,
763 4664 808 4722 καλ

64 4768 72 4786 ·
83 4751 217 4827 τυπτόμενοι
231 4762 360 4824 σιωπᾶτε,
372 4755 416 4814 καί
430 4763 482 4822 τοῖς
496 4754 671 4834 φονευομένοις
684 4753 741 4811 οὐδὲ
751 4755 807 4809 ἐπι·

65 4833 152 4892 ·στένει
166 4862 201 4907 τις
220 4843 373 4923 ἀναφανδόν.
413 4832 453 4902 Ὦ
477 4848 523 4913 τῆς
537 4851 631 4919 πικρᾶς
651 4839 806 4917 τυραννίδος·

39 4929 57 4965 ⁵⁰
66 4939 74 4958 ¹
83 4917 111 4973 Τῖ
122 4922 144 4979 δὲ
157 4927 285 5008 μέμφομαι
297 4928 511 5008 τοθςτυρέννουςς
526 4928 563 5006 μὴ
576 4928 626 5006 γάρ
639 4930 685 4984 οθκ
693 4924 807 5006 ἐτράφη-

65 5024 122 5060 ·Μν
131 5012 167 5090 ὑφ’
180 5018 249 5090 ὑμῶν
260 5018 304 5074 καὶ
314 5022 360 5087 τ’ῆς
375 5016 500 5097 ὑμετέρας
512 5012 686 5083 ἀνεξικακίας,
706 5010 743 5085 μὴ
758 5011 807 5092 γάρ

67 5091 126 5169 'ht
139 5100 204 5172 θμεῖς
221 5104 374 5178 περιιδόντες
391 5103 449 5169 τούς
462 5102 577 5182 πρώτους
598 5099 807 5175 συνισταμένους,

69 5174 117 5234 ’ἔτι
126 5182 149 5240 δὲ
159 5177 220 5255 ήσαν
231 5190 325 5269 ὀλίγοι,
340 5191 443 5255 πλείους
455 5189 595 5259 ἐποιήσατε
606 5194 638 5267 τῇ
651 5192 751 5266 σιωπῇ,
763 5188 807 5245 καί

69 5283 77 5307 ι
87 5270 286 5349 καθοπλιζομένων
297 5282 449 5357 ἠρεμοῦντες
459 5279 516 5335 καθ’
528 5279 624 5333 ἐαυτῶν
635 5274 808 5355 ἐπεστρέψατε

173 5387 285 5426 mnus.
300 5390 325 5425 ιι.

497 526 547 585 tlt:
568 524 692 587 sento
713 528 793 587 tun.
818 529 887 589 LlB.
912 533 959 589 tv.
982 532 1061 593 CAP.
1085 536 1134 592 lll.

1396 544 1515 621 [arnano]
1561 553 1614 608 res

847 666 983 729 lidissimm,
993 674 1237 735 commentonrqnead
1251 677 1378 736 potentiam
1389 681 1576 743 munequendarn
1587 685 1618 733 ab

847 753 876 801 ila
887 754 1035 816 adhibitum,
1046 758 1087 820 qui
1099 770 1143 807 sun
1157 760 1253 810 arbitrio
1266 766 1577 823 magistratnsnnostituuut.

877 846 901 890 δ.
912 844 994 905 ltaque
1005 857 1050 891 una
1059 846 1151 903 generis
1166 847 1278 907 pontificii
1298 850 1359 899 tribu
1378 854 1452 902 accita
1464 854 1519 917 (cui
1530 870 1617 925 uotpen

847 934 999 997 Eniaclrim),
1010 936 1144 999 pontificem
1154 946 1217 991 sorte
1228 942 1343 1005 eligebant
1353 966 1359 994 ι
1368 961 1471 1011 murique
1479 962 1531 1000 sors
1537 952 1622 1015 obtigit

846 1032 952 1091 homini,
967 1033 1006 1095 qui
1024 1036 1126 1084 manime
1137 1050 1220 1086 eornm
1240 1041 1379 1115 ostendebat
1390 1044 1553 1107 iniquitatem,
1566 1049 1619 1098 cui-

852 1126 907 1173 dam
919 1129 1013 1177 uomina
1024 1129 1145 1190 Plraunitn,
1156 1134 1271 1183 &nauelis
1280 1134 1341 1195 irlin,
1353 1150 1382 1187 οκ
1393 1139 1446 1187 rico
1456 1141 1563 1203 Aplntha,
1577 1145 1618 1205 qul

847 1234 894 1270 non
905 1223 982 1271 solurn
996 1236 1042 1271 non
1053 1230 1103 1274 crat
1116 1239 1199 1287 genere
1209 1230 1328 1291 pontificio
1341 1236 1424 1293 natus,
1442 1234 1484 1283 sed
1495 1238 1536 1298 qni
1547 1237 1619 1287 etiam

846 1316 878 1365 ob
894 1320 1050 1371 rusticitatem
1064 1324 1176 1384 neuquid
1192 1325 1342 1385 pontificatus
1354 1334 1418 1379 esaei
1429 1331 1527 1381 omnino
1538 1332 1622 1396 digno-

847 1418 931 1461 sreret.
975 1418 1043 1465 llnuc
1066 1418 1136 1478 igilur
1159 1419 1260 1469 invitum
1279 1434 1332 1472 rore
1352 1424 1509 1487 abstractum,
1530 1429 1621 1489 aliena,

848 1507 875 1552 ot
885 1505 909 1552 iu
920 1518 990 1554 scena
1008 1508 1057 1557 lieri
1069 1510 1142 1569 solet,
1155 1511 1271 1562 ornabant
1288 1526 1400 1574 persona,
1419 1520 1466 1565 tam
1479 1530 1532 1566 soor
1552 1532 1618 1569 sacra

849 1600 913 1644 reste
924 1596 1062 1656 induentes,
1075 1612 1146 1660 quam
1159 1602 1216 1662 quid
1230 1604 1291 1651 lacto
1299 1617 1360 1666 opus
1371 1611 1433 1655 esset
1444 1610 1566 1658 commoda
1582 1610 1622 1659 do·

847 1690 935 1735 nentes.
970 1689 1018 1737 lllis
1036 1695 1116 1738 atatem
1129 1691 1190 1739 risus
1205 1694 1318 1757 lususque
1330 1700 1379 1745 erat
1389 1701 1478 1747 tantum
1495 1698 1621 1762 flagitatas,

847 1779 931 1826 ceteris
941 1794 1011 1839 vern,
1030 1780 1206 1843 sacerdotibus,
1217 1798 1291 1846 quum
1309 1788 1388 1847 procul
1403 1792 1535 1851 spectarent
1548 1792 1623 1854 legent

848 1868 948 1918 ludibrio
961 1870 1065 1921 habitam
1075 1910 1081 1931 ,
1093 1874 1165 1923 subiit
1185 1875 1319 1939 lacrimare,
1337 1879 1484 1942 honoresque
1501 1894 1622 1931 manarum

847 1968 988 2018 dissolutum
999 1970 1026 2019 iri
1037 1972 1230 2033 ingemiscebant.

879 2064 902 2105 n.
916 2060 982 2105 lianc
993 2058 1086 2107 illorum
1096 2060 1218 2111 audaciam
1231 2076 1278 2112 non
1290 2064 1346 2113 tulit
1358 2067 1474 2129 pupulus,
1486 2069 1527 2117 sed
1539 2082 1623 2119 omues

847 2154 914 2213 qnasi
928 2153 959 2201 ad
976 2156 1105 2217 tyrannidis
1116 2159 1261 2207 avenionem
1278 2160 1367 2209 incitati
1378 2170 1451 2213 erant.
1483 2166 1576 2215 Etenim
1589 2181 1619 2216 εκ

847 2248 876 2296 iis
884 2250 925 2311 qui
932 2256 1044 2311 proestare
1054 2252 1202 2314 rirlebantnr,
1213 2256 1299 2304 Gorinn
1308 2259 1405 2319 losephi
1414 2258 1476 2310 tilius
1486 2264 1510 2309 el
1520 2244 1622 2323 symeon

847 2345 994 2405 Gamalielis,
1004 2336 1052 2395 tam
1057 2361 1163 2397 morsum
1176 2350 1280 2413 singulos
1290 2352 1464 2403 circumeuntes
1471 2368 1543 2417 quarn
1551 2357 1623 2406 sirnnl

848 2441 971 2489 ouirersns
982 2442 1003 2489 in
1014 2443 1166 2493 conducibus
1176 2446 1339 2504 hortabantur,
1352 2452 1378 2497 ut
1390 2449 1484 2499 taudem
1496 2450 1622 2513 aliquando

848 2534 962 2584 libertatis
971 2538 1098 2597 perditurus
1111 2540 1185 2587 ultum
1198 2541 1270 2601 irent,
1281 2542 1406 2605 locumque
1418 2548 1527 2594 sanctum
1541 2546 1571 2595 ab
1581 2545 1622 2595 luo-

847 2632 953 2679 minibus
969 2626 1087 2683 imtemhs
1097 2640 1231 2697 purpureus.
1264 2642 1340 2701 Atque
1350 2640 1488 2701 pontificum
1499 2644 1620 2705 spectatis·

848 2728 915 2786 sinii,
926 2729 1030 2777 Ganralm
1042 2730 1138 2791 quidem
1156 2731 1220 2781 tillus
1237 2736 1320 2793 lesus,
1342 2736 1416 2783 inani
1436 2750 1492 2785 reru
1509 2743 1621 2799 tiranno,

849 2823 1023 2886 muliispopnlo
1031 2826 1150 2887 segnitiem
1161 2830 1329 2889 exprobrantes
1337 2832 1360 2879 in
1367 2832 1467 2882 cuntibus
1474 2868 1480 2891 ,
1488 2834 1623 2885 excubant

849 2908 872 2961 so
882 2916 969 2963 zelotes
980 2930 987 2963 a
998 2915 1032 2964 itu
1042 2918 1104 2965 enim
1118 2919 1161 2981 ipsi
1180 2932 1205 2968 se
1220 2921 1349 2982 vocabant,
1363 2924 1431 2984 qnasi
1452 2924 1483 2973 ob
1507 2924 1622 2975 θοιιετιιτιι

850 3018 928 3053 rerum
943 3007 1063 3067 stadium,
1083 3022 1129 3057 non
1143 3003 1203 3059 ‘aero
1227 3016 1253 3061 ut
1269 3013 1309 3073 qni
1327 3026 1425 3076 operum
1442 3014 1623 3077 flagitiosissima

849 3095 894 3144 sibi
913 3096 1026 3145 imitanda
1039 3102 1215 3160 proposuissent
1225 3105 1250 3151 et
1261 3110 1419 3166 superassent.

881 3185 965 3244 (ltili.)
978 3191 1011 3233 ttl.
1022 3188 1103 3246 ltaque
1111 3188 1133 3235 in
1142 3190 1276 3237 concionem
1285 3192 1372 3253 populo
1381 3198 1527 3255 congregato,
1535 3197 1559 3245 ei
1568 3208 1624 3245 cun·

849 3272 894 3318 ctis
903 3270 999 3331 quidem
1010 3271 1200 3335 indignantibus,
1211 3276 1274 3337 quod
1286 3277 1337 3327 loca
1348 3284 1429 3327 sancta
1440 3281 1623 3331 videreotoccu·

850 3359 903 3418 pata
912 3394 919 3415 ,
928 3357 1054 3420 omniaque
1065 3360 1197 3421 rapinarum
1208 3362 1341 3413 etcaedinm
1352 3366 1434 3426 plena,
1454 3366 1558 3415 nondum
1567 3380 1622 3417 vero

850 3444 879 3493 ad
885 3444 982 3505 injurias
991 3444 1135 3494 ulciscendas
1143 3448 1331 3509 properantibus,
1337 3452 1529 3515 proptereaqund
1535 3454 1624 3503 zelotes

849 3536 985 3593 oppugnata
993 3532 1100 3581 dalliciles
1107 3547 1158 3581 csse
1167 3533 1198 3595 (id
1207 3534 1269 3596 quod
1277 3536 1340 3597 erat)
1349 3534 1537 3599 suspicabantur,
1547 3554 1622 3603 quom

850 3619 873 3665 iu
888 3618 966 3667 medio
979 3618 1123 3667 constitisset
1140 3626 1235 3669 inauris
1245 3658 1251 3680 ,
1262 3626 1286 3670 et
1297 3622 1319 3670 in
1330 3624 1445 3685 templum
1460 3638 1623 3686 sepenumero

850 3710 1013 3767 respectasset,
1019 3707 1147 3770 notulasque
1156 3708 1258 3757 lacrimis
1268 3708 1399 3771 opplesset,
1410 3712 1540 3774 nequidem
1552 3714 1623 3774 rrrihi,

851 3816 864 3841 a
877 3798 967 3860 iuquit,
979 3800 1054 3847 salins
1074 3804 1137 3848 esset
1155 3799 1214 3848 mori
1230 3814 1301 3860 quarn
1322 3802 1365 3849 Dei
1379 3800 1524 3851 domicilium
1545 3802 1625 3852 videro

853 3904 864 3927 ι
878 3884 976 3947 pisnuhs
987 3886 1057 3935 tantis
1067 3886 1179 3937 obrutum
1188 3887 1371 3949 oppletamque,
1384 3892 1455 3949 atque
1467 3889 1585 3939 inaccessa
1599 3897 1623 3940 et

852 3991 864 4014 ι
877 3977 959 4023 sancta
971 3974 1022 4023 loca
1031 3974 1196 4041 sceleratorum
1210 3974 1311 4035 pedibus
1329 3976 1421 4025 relsrtn.
1453 3978 1624 4028 Verumtamen

853 4081 864 4104 ι
878 4066 944 4110 veste
953 4060 1095 4111 sacerdotali
1107 4062 1224 4120 amictus,
1237 4064 1261 4111 et
1271 4065 1393 4110 nominum
1404 4064 1573 4113 uenerabilium
1583 4065 1624 4113 lio·

853 4168 865 4190 ν
874 4149 1051 4198 noratisatmum
1061 4148 1151 4208 terens,
1165 4150 1234 4208 vlro,
1246 4149 1301 4197 ritas
1314 4149 1385 4197 etiarn
1400 4150 1517 4213 errpidos,
1529 4164 1572 4200 nee
1583 4166 1625 4213 pro

852 4256 864 4278 ι
874 4240 997 4286 senectute
1005 4236 1102 4297 quidem
1112 4248 1163 4285 mea
1175 4237 1276 4285 mortem
1286 4236 1368 4285 ntalem
1378 4238 1511 4296 gloriosam.
1543 4240 1625 4299 ltaque

853 4343 864 4364 a
877 4323 898 4373 si
916 4325 980 4372 solus
998 4337 1064 4383 som,
1083 4324 1203 4383 velrrtiqne
1221 4324 1244 4371 in
1264 4322 1407 4383 solitudine,
1423 4326 1524 4372 animam
1547 4337 1623 4373 ιιιοιιιιν

853 4430 864 4452 ι
878 4424 920 4472 pro
931 4414 982 4460 beo
994 4410 1067 4459 solam
1084 4408 1232 4471 profundam.
1267 4412 1387 4467 Quorsum
1407 4411 1468 4459 enim
1481 4409 1583 4457 viverem
1600 4409 1624 4458 io

853 4496 953 4545 «aredio
971 4496 1051 4557 populi
1070 4496 1215 4543 calamitates
1233 4508 1288 4544 siras
1310 4498 1408 4545 minime
1435 4496 1575 4553 sentientis,
1600 4503 1624 4545 et

854 4603 865 4625 a
876 4584 938 4644 apud
952 4596 1013 4643 qnos
1024 4595 1094 4630 nemo
1104 4584 1141 4631 est
1157 4582 1197 4644 qni
1211 4584 1280 4631 unalis
1293 4582 1449 4643 presentibus
1465 4585 1587 4631 occttrreti
1597 4583 1625 4633 ιθ

853 4690 864 4711 ιι
876 4669 971 4730 ηιιίθσιιι
982 4669 1073 4731 spoliati
1090 4668 1199 4729 injuriam
1217 4668 1335 4729 toleratis,
1354 4682 1381 4717 en
1395 4670 1511 4719 verberati
1526 4671 1624 4731 hoelis,

853 4776 864 4796 a
877 4768 953 4815 ireque
964 4756 1040 4816 palam
1052 4756 1178 4816 qnisquam
1192 4755 1331 4816 ingemiscit.
1364 4759 1385 4805 0
1396 4756 1504 4805 acerbam
1519 4757 1624 4811 domina·

853 4863 865 4883 a
876 4843 977 4890 tionem!
991 4841 1053 4900 Qnirl
1065 4842 1095 4890 de
1108 4842 1216 4904 tyrarmis
1224 4846 1327 4905 querar?
1341 4842 1456 4905 nunrqnid
1467 4858 1539 4894 nona
1557 4845 1624 4895 anbls

853 4930 1045 4978 «incrementum
1064 4932 1191 4992 ceperunt,
1206 4932 1230 4979 et
1246 4932 1350 4979 ενεειεα
1362 4930 1477 4980 rnalurnm
1496 4932 1624 4995 patientia?

853 5016 995 5078 «numquid
1012 5030 1072 5076 non,
1092 5018 1188 5079 insuper
1203 4999 1245 5067 eos
1262 5017 1375 5067 habentes
1393 5019 1434 5080 qni
1452 5020 1519 5081 primi
1538 5030 1623 5069 manus

854 5126 866 5148 a
878 5105 1022 5166 enodarunt,
1032 5118 1105 5168 quum
1118 5104 1196 5154 adlruc
1205 5106 1271 5168 patrol
1281 5109 1374 5167 essent,
1385 5106 1477 5156 silentio
1487 5106 1565 5155 restro
1576 5116 1621 5153 nu·

854 5214 866 5235 ι
879 5206 969 5242 merom
979 5206 1061 5242 ecrnrn
1073 5193 1184 5255 nanctis,
1201 5198 1272 5256 etque
1283 5194 1340 5243 dom
1356 5194 1388 5244 illi
1397 5194 1543 5243 airnarentur
1554 5188 1620 5253 quie·

854 5302 866 5325 a
877 5286 983 5340 scentes,
992 5282 1014 5329 iu
1024 5282 1179 5343 vosmetipsos
1189 5296 1253 5331 arnna
1266 5284 1381 5341 rcrtislis,
1392 5292 1464 5341 quum
1473 5278 1561 5340 primos
1571 5276 1622 5329 itta·

1476 5372 1500 5415 tt
