3825 6059
86 439 220 516 ιωιω

85 573 178 650 Ἀμέλει
194 570 326 647 καιόμενον
339 573 369 630 ἐκ
382 575 427 643 τῆς
442 571 497 629 ἄνω
512 570 610 639 reieci<
627 573 769 649 θρορῶντες
782 569 840 630 οὐτε

84 661 194 735 ἤλγησαν
212 656 269 716 ούτε
283 658 437 737 έδάκρυσαν,
456 656 524 717 ἀλλὰ
542 662 624 716 ταῦτα
637 654 671 715 εδ
684 657 754 727 πάθη
769 656 841 737 παρὰ

85 744 215 822 Ῥωμαίοις
228 743 333 823 ηὑρέθη.
375 743 428 803 liei
441 749 523 801 ταῦτα
538 743 584 819 μέν
593 741 662 801 κατίι
671 741 759 822 χώραν
770 740 843 801 θστε·

87 856 124 912 ρον
136 830 201 905 μετὰ
212 828 364 905 ἀποδείξεως
377 833 428 888 τῶν
438 829 599 910 πραγμάτων
616 831 732 909 έροῦμεν.

373 968 461 1026 titio.
482 965 540 1026 iu'.

62 1120 73 1155 ε
117 1101 186 1182 Τίτιμ
200 1099 229 1158 δὲ
247 1100 280 1159 cd
294 1100 341 1176 μέν
352 1100 466 1179 χεύματα
483 1098 640 1181 προύκοπτε,
659 1098 743 1157 καίτοι
756 1096 841 1156 πολλὰ

83 1186 238 1264 κακωμένων
249 1188 303 1244 ἀπὸ
314 1192 358 1245 τοῦ
366 1187 466 1267 τείχους
475 1190 526 1245 τῶν
540 1179 713 1265 στρατιωτῶν.
731 1183 842 1265 Πέμψας

532 437 917 499 uuintoniensis.
939 438 974 497 V.
997 436 1078 497 cib.
1099 438 1149 497 XI.

1402 438 1525 516 [suumn]
1587 444 1639 499 εθι

892 580 998 631 Profecto
1008 592 1083 643 quum
1092 593 1120 630 er
1138 580 1258 643 superiore
1266 548 1363 631 ciuitate
1375 581 1431 629 iliud
1443 584 1523 633 errlere
1533 581 1653 642 riderent,

884 679 962 729 neque
987 665 1084 716 doluere
1115 677 1192 727 noque
1215 665 1397 727 illecrimerere,
1416 666 1458 716 sed
1474 668 1585 717 liemcule
1607 669 1652 718 tete

885 752 999 803 decidium
1007 758 1154 816 compertum
1163 758 1208 803 est.
1221 756 1251 803 iit
1262 764 1306 802 sno
1317 752 1413 817 quidem
1422 754 1447 803 in
1458 754 1510 803 loco
1520 754 1565 804 iste
1574 758 1652 819 poste·

884 839 935 888 rius
943 838 1048 888 dicemus
1057 852 1111 889 cnm
1122 839 1266 901 singularum
1278 853 1357 889 rernm
1368 840 1526 890 documentis.

1099 962 1180 1022 cii.
1202 962 1253 1022 Χῖ.
1270 960 1430 1041 (xxviii.)

916 1108 1007 1156 luteres
1024 1106 1078 1157 'ritu
1093 1107 1188 1169 quidem
1208 1110 1303 1169 aggeres
1318 1107 1527 1169 promovebuntur,
1545 1108 1660 1171 utrumvis

886 1198 973 1248 milltes
983 1199 1013 1248 de
1025 1200 1099 1248 muris
1110 1198 1178 1249 vuido
1191 1198 1355 1261 eilllgerentnr.
1371 1202 1425 1261 lpse
1433 1212 1502 1258 vero,
1515 1204 1580 1262 purte
1588 1202 1653 1262 equi·

84 1276 104 1331 θ’
116 1273 187 1339 αὐτὸς
200 1281 292 1351 μοῖραν
307 1276 358 1330 τῶν
381 1274 481 1330 ἱππέων
504 1270 622 1330 ἔκῖλενσῑ
643 1269 701 1338 τοὺς
717 1269 785 1330 κατὰ
797 1268 847 1337 ibt
886 1293 950 1339 tetne
970 1290 1055 1352 mine,
1073 1290 1143 1352 jussit
1161 1303 1203 1354 per
1222 1290 1295 1340 relies
1314 1290 1345 1339 ed
1362 1290 1442 1340 cibum
1458 1291 1655 1353 comportandum

83 1360 208 1469 ράραγγας
224 1357 270 1416 έπλ
286 1360 429 1437 συγκομιδῇ
447 1362 542 1439 τροφῆς
561 1356 673 1425 ἰξιύντας
693 1356 842 1437 ἐνεδρεύειν.

95 1450 162 1505 licus
180 1445 208 1503 δέ
221 1468 288 1512 τινες
306 1445 353 1521 μέν
368 1446 478 1503 καὶτῶν
490 1445 612 1524 μαχίμων
623 1444 708 1503 οὐκέτι
722 1444 842 1524 διαρκού-

54 1557 74 1596 to
82 1554 147 1607 μενοι
159 1541 213 1597 ταῖς
226 1533 371 1612 ἁρπαγαῖς,
383 1531 412 1589 τὸ
428 1531 455 1589 δί
471 1531 548 1590 πλέον
563 1534 592 1590 έκ
605 1536 649 1589 τω”
666 1531 749 1609 δήμου
762 1529 843 1600 πίνη-

83 1640 132 1691 τες,
145 1617 186 1684 οθς
199 1620 354 1690 αὐτομολεῖν
363 1615 489 1697 θπέτριπε
498 1617 527 1675 τθ
538 1616 597 1695 περὶ
610 1620 661 1674 τιῦν
670 1616 770 1699 οἰκείων
780 1616 843 1685 δέος·

83 1703 135 1761 ούτε
147 1702 196 1782 γάρ
211 1702 338 1774 λήσεσθαι
350 1704 408 1770 τοὺς
421 1704 578 1771 στασιαστὰς
590 1703 698 1774 ἤλπιζον
715 1703 781 1781 μετὰ
794 1726 843 1781 γυ-

83 1794 169 1847 ναικῶν
187 1790 231 1849 καὶ
252 1790 362 1847 παιδίων
380 1790 616 1870 διαδιδράσκοντες,
630 1790 675 1848 καὶ
690 1791 843 1849 καταλιπεῖν

82 1882 157 1934 ταῦτα
165 1881 217 1943 τοῖς
229 1879 340 1956 λῃσταῖς
353 1879 402 1956 οὐχ
413 1876 538 1954 ὑπέμενον
550 1875 614 1957 θπίρ
622 1880 706 1935 αὐτῶν
717 1876 844 1957 σραγησό·

55 1964 151 2039 τιέμενα.
190 1967 215 2023 Τ
215 1963 347 2042 ολμηρούς
357 1963 384 2022 δί
397 1964 460 2045 πρὸς
471 1965 516 2031 τθις
528 1964 626 2032 ἐξόδους
640 1967 655 2021 θ
668 1963 742 2039 λιμδς
753 1962 844 2040 lurotu,

85 2052 123 2109 καὶ
132 2049 297 2109 κατελείπετο
314 2050 484 2117 λανθάνοντας
504 2052 540 2117 εἰς
561 2048 618 2117 τούς
630 2049 766 2126 πολεμίως
779 2050 844 2107 θλί-

84 2144 190 2198 σκεσθαι.
230 2136 434 2214 Λαμθανθμενοι
454 2137 481 2195 δὲ
501 2138 558 2196 κατ’
579 2136 694 2213 ἀνάγκην
718 2136 845 2212 ἠμύνοντο

85 2226 130 2283 δέει
141 2228 184 2295 τῆς
196 2223 346 2296 κολάσεως,
363 2223 408 2281 καί
424 2222 493 2299 μετὰ
513 2222 601 2302 μάχην
620 2222 741 2280 ἱκετεύειν
761 2222 844 2303 δωρον

85 2314 165 2372 ἐδόκει.
203 2310 417 2389 θίαοτιγούμενοι
431 2309 463 2381 δὴ
476 2310 521 2369 καί
538 2309 786 2389 προύασανιζύμινοι
799 2316 844 2367 τοῦ

56 2400 183 2458 curten
199 2408 290 2457 πᾶσαν
304 2396 400 2468 αἰκίαν,
414 2400 615 2476 ἀνεσταυροῦντο
629 2404 674 2455 τοῦ
687 2396 786 2475 τείχους
799 2398 841 2454 ιἰν·

87 2486 158 2562 ιυιρύ.
196 2485 274 2564 Τίτῳ
288 2484 335 2561 μέν
351 2476 394 2541 οὐν
410 2482 509 2563 οἰκτρδν
524 2482 554 2542 τδ
569 2484 649 2550 πάθος
665 2484 844 2559 κατεφαίνετο,

88 2572 254 2630 πεντακοσίων
262 2570 374 2640 ἑκάστης
385 2569 498 2649 ἡμέρας,
508 2568 564 2628 έστι
578 2573 601 2628 δ’
611 2570 654 2627 dre
664 2568 708 2627 καὶ
721 2569 845 2627 πλειόνων

86 2658 265 2735 έλισκομένων,
275 2656 332 2715 οὐτε
344 2656 371 2715 δί
381 2655 439 2723 τούς
451 2655 494 2735 βία
504 2656 644 2735 ληρθίντας
653 2657 754 2733 οίρεῗνιιι
763 2660 845 2736 dupu-

87 2743 134 2816 λίς,
144 2746 187 2803 καί
197 2743 337 2825 ρυλάττειν
350 2742 484 2809 τοσούτους
494 2744 606 2823 ρρουρδιν
619 2747 670 2802 τῶν
681 2742 845 2822 φυλαξάντων

57 2848 77 2886 α
88 2830 156 2912 ἑύρα·
166 2834 197 2892 τό
212 2855 245 2911 γε
261 2830 312 2909 μὴν
331 2829 408 2890 πλέον
422 2833 466 2889 οὐκ
480 2831 590 2902 ἐκώλυε,
600 2831 660 2910 τάχ’
679 2830 710 2889 διν
731 2832 846 2889 ἐνδοῦναι

85 2919 140 2997 πρὸς
151 2918 196 2990 riv
206 2919 267 2996 ὄψιν
281 2916 388 2983 ε’λπίσας
408 2915 516 2994 αὐτούς,
529 2918 553 2975 εἰ
567 2914 604 2993 μὴ
618 2918 756 2996 παραδοῖεν
770 2915 846 2991 θμοια

85 3004 252 3082 πεισομένους.
294 3002 446 3083 Προσίλουν
465 3004 487 3063 δ’
506 3005 530 3061 οἰ
546 3006 701 3082 στρατιῶται
715 3004 747 3059 δι’
767 3001 845 3081 ὀργὴν

87 3089 125 3147 καί
146 3092 217 3167 μῖσος
242 3088 302 3155 τούς
321 3090 444 3161 θλύντας,
464 3089 541 3147 ἄλλον
561 3088 632 3168 ἄλλῳ
650 3087 767 3166 σχήματι
786 3090 848 3168 πρὸς

86 3176 181 3254 χλεύην,
192 3177 238 3236 καλ
250 3176 292 3234 διδ
305 3174 334 3233 τδ
345 3177 442 3246 πλῆθος
453 3176 528 3254 χώρα
540 3198 568 3233 τε
580 3176 692 3233 ἰνελειπε
703 3174 755 3241 τοῖς
768 3198 847 3233 σταυ-

56 3272 131 3339 σειροῖς
144 3264 186 3322 καλ
196 3259 305 3342 σταυροὶ
317 3264 369 3327 τοῖς
380 3260 507 3336 σώμασιν.
750 3264 752 3268 ’

28 3374 32 3383 ’
121 3349 195 3427 β’.οἰ
209 3347 368 3408 στασιασταί
382 3345 410 3405 δὲ
420 3352 540 3405 τοσοῦτον
549 3345 695 3419 ἀπεδέησαν
709 3353 753 3405 τοῦ
768 3370 848 3423 μετα·

86 3434 200 3496 burto
208 3433 313 3515 πρδςτθ
326 3433 416 3506 πάθος,
425 3432 492 3491 ὥστε
505 3432 550 3491 καί
559 3432 703 3491 τούναντίον
717 3432 788 3494 αὐτοὶ
802 3456 848 3491 σο-

86 3520 198 3599 ρίσασθαι
214 3520 282 3601 πρδς
294 3519 324 3579 τθ
342 3519 432 3579 λοιπδν
445 3521 550 3591 πλῆθος.
591 3518 715 3600 Σύροντες
728 3519 779 3600 γὰρ
792 3519 849 3586 τούς

86 3612 130 3665 τῶν
143 3608 292 3685 αὐτομόλων
313 3605 419 3673 οἰκείως
432 3606 475 3665 tri
488 3605 518 3665 τδ
532 3608 634 3683 τεῖχος,
646 3606 692 3665 καὶ
705 3611 755 3665 τῶν
771 3608 850 3682 δημο-

56 3712 77 3753 tt
86 3698 130 3751 τῶν
136 3694 191 3762 τούς
199 3694 247 3753 ἰπὶ
257 3692 342 3752 πίστιν
355 3693 532 3772 ὡρμημένους,
545 3685 586 3751 οἷα
595 3691 740 3772 πάσχωσιν
751 3696 775 3753 οἰ
786 3692 850 3753 Ῥω·

87 3778 163 3852 μαίοις
175 3778 379 3860 προσφεύγοντες
389 3776 580 3855 ἰπεδείκνυσαν,
594 3777 639 3837 καί
650 3778 709 3846 τούς
721 3802 849 3858 κεκρατη-

88 3862 170 3938 μένως
180 3863 270 3931 ἱκέτας
284 3864 380 3941 έλεγω,
393 3867 440 3923 οὐκ
457 3862 647 3943 αἰχμαλώτους.
688 3868 773 3926 Τοῦτο
785 3866 849 3923 πολ-

87 3950 138 4017 iel<
148 3955 197 4011 τῶν
209 3953 363 4029 αὐτομολεῖν
375 3950 548 4031 ὡρμημένων,
561 3950 639 4032 μέχρι
652 3951 760 4023 τάληθές
770 3952 849 4031 ἐγνώ-

88 4042 130 4109 σθη
139 4083 147 4108 ,
156 4040 284 4117 κατέσχεν
298 4036 370 4099 ιίσω.
390 4036 474 4098 Ἔνιοι
483 4038 511 4097 δί
524 4038 569 4098 καὶ
578 4043 741 4119 παραχρῆμα
750 4039 850 4119 διίδραν

57 4142 78 4181 tc
88 4125 117 4189 ῦς
129 4124 170 4183 έπί
186 4125 294 4203 pidem
307 4124 444 4205 τιμωρίαν,
462 4124 606 4184 ἀνάπαυσιν
615 4123 754 4203 ἡγούμενοι
764 4124 808 4185 τδν
821 4129 850 4185 ἐκ

87 4211 132 4266 τῶν
144 4210 274 4289 πολεμίων
294 4210 404 4270 θάνατον
423 4215 448 4270 ἐν
462 4213 540 4288 λιμοῦ
553 4210 692 4291 συγκρίσει.
734 4212 852 4278 Πολλούς

89 4294 167 4354 θέκελ
186 4301 375 4378 χειροκοπῆσαι
388 4296 510 4362 κελεύσας
522 4295 600 4363 Τίτος
620 4301 671 4355 τῶν
689 4296 849 4369 ἑαλωκότων,

90 4382 120 4445 ὥς
128 4380 162 4455 μί,
168 4382 266 4441 δοκοῖεν
274 4380 411 4458 αὐτόμολοι
420 4381 465 4441 καί
474 4381 635 4441 πιστεύοιντο
646 4381 688 4441 διὰ
696 4381 742 4453 τλν
751 4406 849 4463 συμρο·

90 4465 139 4543 ρθν,
154 4467 294 4550 εἰσέπεμψε
312 4469 377 4549 πρὸς
398 4469 441 4530 τὸν
458 4470 580 4541 Ἰωάννην
605 4470 651 4529 καὶ
669 4470 713 4529 τὸν
727 4470 850 4548 Σίμωνα,

58 4568 78 4609 tt
90 4579 100 4601 ι
113 4559 154 4611 νῦν
165 4579 194 4633 γε
207 4557 260 4628 ἤδη
273 4544 425 4615 παύσασθαι
442 4560 585 4637 παραινῶν,
599 4558 643 4616 καί
656 4554 694 4635 μὴ
706 4557 768 4637 πρὸς
779 4556 851 4614 ἀναί-

90 4665 100 4686 ·
114 4662 178 4717 ρεσιν
189 4646 236 4713 τῆς
245 4641 344 4707 πόλεως
354 4642 429 4700 αὐτὸν
440 4643 588 4721 βιάζεσθαι,
598 4645 722 4721 κερδῆσαι
734 4642 756 4699 δ’
765 4644 795 4699 ἐκ
805 4647 853 4711 τῆς

90 4751 100 4773 ι
111 4728 137 4781 έν
147 4727 264 4795 ὑστάτοις
275 4727 444 4805 μεταμελείας
455 4728 501 4795 τάς
513 4751 541 4785 τε
555 4731 638 4785 αὐτῶν
654 4727 737 4806 ψυχὰς
747 4727 791 4785 καί
804 4752 851 4799 τη-

91 4812 232 4887 ·λικαύτην
253 4813 365 4895 πατρίδα
383 4814 428 4872 καί
450 4813 511 4873 ναθν
532 4812 701 4886 θκοινιύνητον
722 4813 817 4881 ἄλλοις.
838 4840 850 4866 ι

93 4898 195 4978 Περιιὼν
210 4900 281 4960 ilci
297 4900 410 4980 χώματα
428 4898 485 4967 τούς
504 4891 687 4981 ἐργαζομένους
700 4898 755 4977 ύμα
767 4900 851 4971 κατή-

59 4999 81 5036 εο
91 5005 179 5063 πειγεν,
192 4991 227 5054 ὡς
241 4990 288 5046 οὐκ
301 4990 336 5055 εἰς
349 4986 453 5067 μακρδν
466 4986 646 5057 ἀκολουθήσων
661 4985 742 5067 έργοις
753 4990 790 5066 τῷ
804 4984 851 5044 λθ-

91 5091 132 5147 γῳ.
172 5072 240 5153 Πρὸς
249 5079 331 5132 ταῦτα
345 5073 423 5132 αὐτόν
435 5096 463 5131 τε
477 5072 660 5153 έύλασριίμουν
675 5072 727 5131 iri
737 5079 781 5132 τοῦ
799 5072 851 5131 τεί-

92 5177 146 5231 χννς
161 5158 281 5239 Καίσαρα
302 5160 346 5218 καί
368 5160 411 5219 τδν
432 5158 534 5241 πατέρα
552 5162 666 5234 αὐτοῦ,ι
687 5159 789 5219 καὶτοῦ
805 5160 851 5238 μὲν

886 1380 1025 1428 exeuntibus
1035 1378 1129 1429 insidier
1141 1380 1212 1431 teudi.
1232 1385 1305 1430 Erunt
1315 1385 1394 1430 nutem
1405 1382 1427 1429 in
1441 1381 1476 1431 lrls
1486 1382 1593 1431 nonnulli
1602 1382 1654 1445 qni·

886 1469 941 1519 dem
954 1470 1120 1520 bellicosorum
1136 1470 1225 1533 rupinis
1243 1470 1305 1520 lund
1316 1468 1434 1533 c'ontouti;
1451 1472 1538 1533 meiere
1554 1483 1610 1523 vero
1624 1486 1653 1523 εκ

888 1568 952 1622 perte
969 1574 1082 1624 pauperes
1099 1562 1196 1624 plebeil,
1212 1576 1272 1624 quoe
1285 1565 1363 1611 metus
1377 1561 1406 1611 de
1420 1562 1557 1613 uecesseriie
1574 1563 1624 1612 ευῖε
1641 1576 1655 1612 ε

888 1652 1018 1715 transfugio
1033 1652 1166 1701 deterrebit
1177 1654 1342 1715 :nequeenim
1355 1652 1404 1702 iore
1419 1652 1543 1715 eperubeut
1554 1658 1582 1703 nt
1595 1654 1655 1704 dum

887 1742 1012 1793 seditnoue
1028 1756 1082 1792 eum
1100 1741 1239 1805 coniugibus
1256 1757 1284 1794 ec
1300 1744 1380 1795 liberie
1398 1744 1552 1807 dilingereut3
1568 1758 1658 1808 eosque

887 1834 1017 1883 latronibus
1028 1834 1170 1896 relinquere,
1182 1834 1232 1884 rice
1241 1847 1283 1883 suu
1290 1834 1439 1897 jugulandos,
1447 1848 1494 1885 uun
1501 1835 1656 1887 suetimbeut.

887 1922 1028 1973 inductores
1042 1926 1122 1973 eutem
1133 1924 1233 1973 leoiebet
1244 1924 1272 1973 sd
1284 1926 1420 1977 exeundum
1431 1926 1505 1975 lennes
1518 1940 1524 1975 :
1540 1926 1656 1976 restebet-

887 2012 1559 2079 qnentoccuitoegreseirersuebostesebllsceperentnr.
1569 2021 1657 2079 Depre-

887 2103 955 2153 beusi
964 2110 1043 2155 eutem
1054 2118 1082 2154 ex
1095 2104 1233 2156 uoeoesitntc
1244 2104 1404 2168 repnguebent
1413 2108 1477 2156 metu
1489 2106 1598 2169 supplicii
1611 2121 1617 2153 :
1633 2108 1658 2157 et

887 2198 1050 2257 postpugnsm
1062 2196 1195 2258 supplicue
1206 2196 1399 2259 intempestivum
1411 2196 1541 2247 ridebatur.
1574 2200 1657 2259 lteque

888 2284 1002 2335 verberati
1017 2288 1042 2335 et
1058 2290 1113 2335 ente
1128 2290 1228 2335 mortem
1243 2286 1321 2337 modis
1336 2286 1447 2337 omuibus
1459 2287 1600 2348 excrucieti,
1616 2300 1657 2349 pro

887 2376 1004 2425 mmoibns
1014 2374 1181 2437 subigebantur
1190 2376 1306 2427 crucibus.
1324 2376 1516 2439 lit'i'itoqnldem
1524 2378 1656 2429 miserande

889 2466 1013 2517 ridebatur
1023 2480 1051 2517 οε
1061 2467 1195 2527 oslemitue.
1208 2480 1281 2531 quum
1291 2467 1368 2518 iudei
1378 2467 1401 2517 lu
1413 2468 1464 2519 dies
1473 2468 1576 2531 singulus
1588 2471 1657 2531 quiu-

888 2558 966 2621 geuti,
981 2570 1149 2620 nouuunquem
1163 2558 1233 2608 etium
1249 2558 1328 2621 plnres
1345 2563 1502 2621 cuperentur:
1521 2560 1564 2609 sed
1581 2574 1658 2623 neque

890 2649 913 2697 ri
921 2652 1003 2711 ceptus
1012 2648 1129 2699 dimittere
1143 2650 1297 2709 temneret,
1313 2650 1451 2711 lentemque
1463 2649 1586 2701 adrerum
1597 2651 1659 2700 mul-

890 2740 1015 2789 titudinem
1025 2740 1151 2789 eurtodum
1160 2740 1256 2789 ridebat
1266 2754 1318 2790 esse
1330 2741 1477 2804 custodium
1490 2742 1593 2793 menime
1603 2758 1662 2793 rero

889 2830 1042 2893 eoscrnciflgi
1059 2844 1105 2882 nou
1117 2830 1268 2893 prohibebat,
1283 2834 1309 2881 nt
1326 2831 1367 2894 qni
1377 2833 1478 2895 sperarit
1488 2834 1552 2897 ipsos
1562 2833 1593 2883 ed
1604 2848 1659 2885 eum

888 2926 1039 2983 conspectum
1050 2922 1128 2971 iorsen
1137 2921 1280 2972 deditionem
1288 2922 1371 2983 iecere,
1380 2924 1447 2986 quusi
1457 2925 1541 2975 similia
1549 2938 1661 2988 pneenrus

890 3012 935 3061 uisi
945 3026 971 3061 se
979 3011 1098 3063 dederent
1130 3014 1215 3064 Milites
1224 3015 1302 3063 entem
1310 3026 1339 3063 ex
1350 3014 1385 3063 iru
1393 3019 1434 3065 ent
1444 3014 1498 3065 odio
1506 3016 1571 3066 cruci
1583 3016 1660 3079 erige

890 3098 1052 3162 bentcuptos,
1062 3099 1140 3149 modis
1150 3100 1245 3162 quidem
1261 3099 1363 3150 dirersis
1372 3100 1467 3151 ludibrii
1476 3114 1559 3163 σευεε,
1572 3106 1594 3153 ct
1609 3116 1665 3165 pro·¹

891 3190 943 3249 pter
958 3186 1131 3236 multitudinem
1148 3187 1250 3249 spntlum
1262 3186 1373 3237 crucibus
1384 3186 1478 3267 θεοεεῑ,
1486 3190 1511 3238 ct
1521 3188 1667 3251 corporibus.

890 3284 982 3321 cruces.

923 3364 946 3408 ε.
958 3362 1061 3409 'leuium
1072 3371 1128 3408 νειο
1138 3359 1218 3410 eberut
1227 3363 1255 3409 nt
1267 3359 1373 3409 seditiosi
1382 3360 1412 3411 ed
1421 3358 1578 3409 uiumiutem
1589 3359 1668 3410 intem

891 3450 983 3497 unimus
995 3453 1125 3511 mutarent,
1137 3452 1164 3501 nt
1175 3450 1319 3499 contrarium
1334 3450 1402 3512 plene
1416 3449 1446 3499 ed
1457 3450 1572 3513 reliquum
1582 3451 1661 3500 multi·

893 3540 998 3589 tudinem
1018 3540 1158 3591 simuleriut
1196 3540 1379 3603 Treusibpnrnm
1399 3541 1462 3591 enim
1477 3542 1614 3591 οεωεεετίῖε
1631 3542 1668 3591 ed·

892 3644 973 3681 muros
981 3632 1115 3693 pertractis,
1127 3632 1239 3695 illieqnee
1250 3631 1402 3695 popularibus
1413 3618 1490 3695 quied
1501 3635 1661 3683 Romanorum

894 3721 964 3772 fldem
976 3722 1055 3784 rugus
1065 3724 1222 3785 properurint‚
1233 3721 1312 3787 qnulie
1322 3725 1456 3786 peterentur
1465 3722 1481 3772 ii
1491 3724 1531 3785 qui
1541 3723 1570 3773 nd
1578 3726 1662 3775 ilume-

893 3827 937 3864 ποε
947 3814 1099 3876 cuulirgerent
1108 3813 1276 3876 οοῖεοθειυοῑς
1290 3814 1365 3879 etqui
1376 3814 1537 3879 comprehensi
1550 3816 1663 3867 tenebun-

893 3906 933 3953 tur
943 3916 990 3952 uon
1000 3904 1105 3965 εομιῖνοι
1118 3916 1185 3965 esee,
1199 3903 1240 3953 scd
1250 3903 1383 3966 supplices,
1394 3904 1511 3955 dicebaut.
1543 3906 1594 3955 ilco
1604 3906 1663 3955 mul·

895 3997 931 4042 tce
946 3993 1090 4055 concingere
1107 3994 1266 4055 cupientium,
1282 3993 1358 4043 donec
1375 4006 1456 4043 rernm
1474 3999 1663 4055 cognosceretur,

893 4084 955 4133 intre
965 4098 1046 4133 muros
1062 4082 1203 4134 conbuebnt.
1235 4084 1346 4133 Nonnulli
1357 4086 1438 4135 eutem
1449 4086 1529 4135 stetim
1545 4084 1663 4137 discurre·

895 4178 951 4226 runt
960 4177 1025 4238 quusi
1037 4174 1161 4223 adrerum
1173 4173 1329 4235 supplicium
1343 4177 1442 4223 mortem
1452 4174 1482 4223 eb
1491 4173 1601 4224 hostibus
1613 4173 1664 4223 illu·

894 4266 979 4327 lem‚si
989 4278 1043 4315 cunr
1051 4264 1112 4313 inme
1120 4263 1261 4325 conteretur,
1274 4262 1378 4325 requiem
1388 4262 1565 4315 eseednceutcs.
1573 4264 1664 4320 Quum·

894 4370 940 4418 qne
950 4356 1031 4405 multis
1042 4356 1187 4416 captivorum
1197 4354 1265 4401 Titus
1277 4366 1361 4401 manus
1372 4352 1488 4415 umputurl
1500 4352 1625 4413 jussisset,
1637 4356 1666 4401 ut

895 4446 1020 4507 berenice
1030 4445 1126 4493 minime
1135 4443 1280 4503 riderentur,
1291 4442 1487 4503 credererrtnran
1500 4443 1593 4503 propter
1602 4442 1664 4491 cuiu-

895 4535 1015 4597 minum,
1027 4547 1068 4584 eos
1080 4534 1109 4582 sd
1127 4536 1242 4585 Journenr
1258 4538 1281 4582 ct
1299 4534 1418 4583 Simonem
1433 4530 1535 4592 reurisit,
1549 4550 1561 4574 ι
1581 4532 1664 4581 saltem

896 4637 983 4692 «nnnc
989 4624 1122 4673 desinerent
1128 4622 1266 4682 admonens,
1275 4636 1333 4673 uere
1341 4623 1418 4683 ipsum
1428 4622 1457 4671 ed
1468 4622 1533 4670 urbis
1542 4621 1664 4673 excidium

896 4735 908 4758 ε
921 4713 1244 4776 compellerent,-euimieque
1263 4712 1356 4761 tandem
1369 4712 1466 4761 mutetis
1481 4711 1627 4763 lucrarentur
1640 4721 1665 4766 et

896 4826 907 4848 ι
920 4804 1038 4866 preprium
1049 4804 1122 4851 vitem
1132 4838 1139 4862 ,
1149 4805 1174 4852 et
1191 4802 1290 4865 pumen
1301 4804 1405 4863 buum,
1423 4806 1447 4851 et
1465 4802 1580 4866 templum
1599 4802 1667 4866 qnod

896 4914 908 4937 ι
920 4907 975 4944 cnm
987 4894 1039 4943 eliis
1049 4892 1217 4943 communicari
1227 4891 1373 4943 uoudebeet.
1382 4892 1563 4943 »Simnlenleur
1569 4906 1665 4957 aggeres

894 4984 1063 5035 circumeundo
1081 4986 1200 5047 operarios
1221 4984 1331 5045 urgebat,
1351 4983 1424 5035 veluti
1443 4984 1511 5035 luctis
1528 4984 1601 5034 verbu
1617 4996 1666 5033 unu

895 5065 971 5127 multo
983 5078 1035 5140 post
1051 5078 1203 5138 sequnturus.
1236 5074 1272 5126 Ad
1284 5074 1336 5125 boee
1352 5076 1375 5124 iu
1391 5075 1468 5125 muris
1478 5078 1568 5125 euntes
1580 5078 1604 5121 et
1620 5072 1667 5133 ipsi

894 5168 983 5219 cuceri
996 5169 1020 5219 et
1032 5166 1091 5230 putri
1101 5166 1152 5227 eins
1163 5164 1342 5226 maledicebant,
1357 5168 1529 5229 «mortemque
1548 5176 1573 5211 se
1589 5167 1669 5213 coute-
