3825 6059
75 500 184 577 (ouer.)

73 628 167 693 πλείους
181 626 261 705 μέχρι
276 626 327 681 τῶν
343 622 479 703 βασιλείων
493 626 629 705 προῆλθον.
670 622 800 702 Ὑρκανοῦ
815 618 842 679 δί

74 716 112 774 καί
121 712 268 784 Φασαήλου
276 709 421 789 δεξαμένων
434 708 524 777 αὐτοὺς
535 713 654 790 κρατερῷ
661 710 757 791 στίρει,
769 708 842 787 μάχη

73 802 134 859 κατθ
143 800 188 871 τὴν
201 798 299 878 άγορδιν
313 796 567 877 συρρήγνυται,καθ’
579 796 610 867 ἢν
620 796 776 877 τρεψάμενοι
786 793 844 860 τοδς

74 887 204 965 πολεμίους
215 890 240 944 οἱ
254 886 315 965 περὶ
331 884 451 963 Ἡρώδην
465 883 662 943 κατακλείουσιν
676 886 713 949 τίς
725 882 755 941 τδ
766 882 843 961 ίερδν,

53 1005 57 1037 r
75 974 114 1033 rel
129 972 253 1055 φρουροὺς
268 974 353 1031 αὐτῶν
367 970 461 1050 ἄνδρας
476 970 600 1041 ἑξήκοντα
614 977 670 1035 ταῖς
683 969 793 1040 πλησίον
807 971 843 1027 oi·

75 1062 135 1127 ιιίαις
146 1060 353 1135 ἐγκατέστησαν.
364 1056 477 1125 Τούτους
487 1056 535 1135 μὲν
545 1046 589 1113 σύν
601 1059 614 1114 δ
626 1054 771 1123 στασιάζων
782 1076 845 1133 προς

76 1146 126 1213 τοὺς
147 1142 272 1227 άδελροῦς
292 1142 353 1211 tab<
376 1142 489 1201 turbidus
514 1142 683 1223 ἐμπίπρησιν.
724 1134 843 1220 Ἡρώδης

76 1234 98 1291 δὲ
117 1238 161 1290 τοῦ
182 1232 268 1309 δήμου
292 1230 402 1297 πολλοῦς
425 1229 482 1288 κατ’
504 1230 582 1310 ὀργὴν
604 1233 655 1286 τῶν
671 1229 844 1286 ἀπολωλότων

75 1324 168 1401 ἀναιρεῖ
177 1318 330 1393 συμύαλών·
345 1320 389 1377 καὶ
399 1320 456 1376 καθ’
469 1316 569 1395 ἡμέραν
581 1316 751 1375 ἕπεκθέοντων
762 1316 843 1385 ἀλλή-

46 1434 63 1468 ro
74 1413 118 1475 λαις
131 1406 200 1467 κατὰ
214 1407 305 1486 λόχους
319 1408 392 1487 ρόνος
406 1398 436 1477 ἧν
453 1406 626 1471 ἀδιάλειπτος.
769 1400 778 1443 ⁸

107 1496 139 1572 γ’.
162 1490 310 1564 Ἐνστάσης
328 1492 354 1551 δὲ
369 1495 470 1572 ἑορτῆς,
485 1492 502 1563 ἣ
519 1488 688 1563 Πεντηκοστλ
711 1492 842 1565 καλεῖται,

74 1582 102 1639 τά
112 1606 138 1640 τε
152 1581 214 1661 περὶ
226 1582 256 1639 τὸ
265 1580 332 1659 ίερδν
343 1581 428 1657 πάντα
441 1578 512 1649 καὶὴ
526 1582 599 1645 πολις
611 1577 658 1650 δλη
672 1579 784 1649 πλήθους
794 1583 845 1637 τῶν

74 1670 118 1727 άπθ
132 1674 179 1741 τῆς
191 1668 280 1749 χώρας
301 1667 502 1745 ἀναπίμπλαται
516 1666 545 1725 τδ
558 1666 635 1725 πλίον
654 1669 774 1726 ὁπλιτῶν.
792 1664 846 1725 Καὶ

73 1757 212 1829 Φασάηλος
229 1756 275 1833 μὲν
289 1754 318 1814 τό
333 1758 434 1834 τεῖχος,
452 1752 574 1833 Ἡρώδης
588 1752 615 1812 δδ
630 1754 686 1831 μετ’
700 1756 729 1812 οὗ
742 1754 847 1813 πολλῶν

45 1870 63 1907 ιι
74 1843 186 1925 ἕρρούρει
201 1842 235 1901 τδ
257 1842 389 1921 βασίλεια,
410 1843 454 1899 καὶ
472 1842 524 1908 τοῖς
545 1842 678 1917 πολεμίοις
696 1838 847 1919 ἐπιδραμὼν

74 1930 237 1995 ἀσυντάκτοις
250 1930 318 1989 κατά
331 1930 361 1988 τθ
372 1928 554 2011 προσάρκτιον,
566 1930 700 1994 πλείστους
711 1926 758 2003 μὲν
775 1932 846 1985 duas·

76 2026 123 2096 ρεῖ,
137 2018 263 2097 τρόπεται
277 2017 306 2075 δὲ
318 2016 432 2085 πάντας·
450 2016 494 2075 καὶ
509 2014 568 2083 τοδς
582 2019 629 2090 μὲν
644 2018 679 2081 είς
697 2016 743 2085 τὴν
762 2014 847 2086 πόλιν,

74 2104 125 2172 rob<
140 2105 169 2165 δὲ
183 2108 220 2173 είς
232 2106 262 2163 τὸ
274 2104 354 2184 ἱερὸν,
367 2103 425 2171 τοθς
435 2103 464 2163 θλ
475 2107 509 2170 είς
524 2104 553 2162 τθ
564 2103 611 2172 ἔξω
624 2103 772 2182 χαράκωμα
785 2124 846 2176 συγ·

76 2192 158 2251 ιλιίιι.
201 2194 260 2253 Κάν
273 2192 356 2271 τούτῳ
368 2189 527 2261 διαλλακτὴν
544 2188 590 2267 μίν
607 2190 747 2267 Ἀντίγονος
761 2212 847 2269 παρα-

44 2307 65 2346 te
76 2282 147 2339 καλεῖ
161 2279 281 2359 Πάκορον
297 2280 448 2359 εἰσαρεῖναι.
491 2277 636 2348 Φασάηλος
650 2277 677 2335 δὲ
692 2275 847 2353 πεισθιὶςτῇ

76 2390 100 2425 τε
112 2366 187 2426 πόλει
201 2366 246 2425 καὶ
261 2365 329 2445 ζινίρ
341 2367 384 2423 τδν
396 2364 501 2444 Πάρθον
514 2366 658 2442 εἰσδέχεται
673 2364 741 2439 μετδι
752 2385 847 2421 πεντα·

75 2454 164 2513 κοοίων
176 2452 290 2527 ἱππέων,
307 2450 434 2533 προράσει
450 2451 498 2527 μίν
510 2450 607 2521 ἥκοντα
630 2457 673 2509 τοῦ
688 2456 788 2509 παῦσαι
802 2450 848 2519 την

6 2568 8 2573 ’
76 2540 173 2619 στάσιν,
188 2538 219 2599 τὸ
234 2541 257 2597 δ’
269 2538 362 2611 ἀληθὲς
380 2538 514 2617 Ἀντιγόνῳ
530 2537 632 2617 βοηθόν.
646 2537 699 2597 Τὸν
712 2542 772 2613 γοῦν
786 2534 849 2595 Φα-

79 2626 170 2699 σάηλον
187 2624 325 2707 ἐνεδρεύειν
345 2624 464 2684 άνίπεισε
484 2627 547 2705 πρὸς
572 2624 761 2704 Βαρζαράρνην
783 2646 849 2702 πρε-

48 2742 68 2779 εε
78 2714 232 2774 σῦεύσασθαι
245 2712 305 2793 περὶ
317 2712 495 2784 καταλύσεως,
507 2712 591 2770 καίτοι
603 2732 631 2788 γε
642 2710 725 2769 πολλὰ
739 2708 848 2788 ἀποτρύ-

78 2822 161 2867 ποντος
171 2801 206 2861 Ἡ
209 2800 291 2883 ρώδου
299 2800 344 2859 καὶ
353 2806 537 2879 παραινοῦντος
545 2802 644 2857 ἀνελεῖν
651 2799 695 2856 τὸν
703 2798 849 2875 ἐπίθουλον,

77 2888 138 2947 ε’λλθ
156 2888 193 2967 μὴ
213 2892 272 2955 ταῖς
285 2886 434 2953 ἐπιθουλαῖς
454 2887 544 2945 ἑαυτὸν
557 2886 696 2945 ίκδιδόναι·
714 2886 786 2959 φύσει
800 2885 850 2964 γάρ

78 2976 195 3043 ἀπίστους
209 2968 276 3035 εἶναι
296 2974 355 3041 τοθς
369 2973 524 3056 βαρθάρονς.
566 2973 667 3041 Ἰθζεισι
686 2972 707 3031 δ’
722 2972 850 3051 Ἱρκανθν

79 3062 238 3143 παραλαὸδιν
253 3063 298 3122 καί
320 3062 453 3143 Πάκορος,
468 3064 502 3129 ώς
515 3054 593 3134 ἧττον
610 3061 792 3131 ὑποπτεύοιτο,
807 3060 850 3118 καὶ

46 3174 67 3213 ω
79 3148 300 3230 καταλιπώνπαρ’
313 3147 420 3229 Ἡρώδη
432 3148 502 3215 τινάς
511 3153 563 3207 τῶν
577 3146 715 3227 ἐλευθέρων
726 3146 851 3223 καλουμέ·

78 3261 123 3294 νων
136 3236 250 3312 ἱππέων,
263 3244 315 3303 τοῖς
329 3240 426 3303 λοιποῖς
437 3236 589 3317 προύπεμπε
600 3234 752 3303 Φασάηλον.

116 3326 147 3386 δ.
169 3325 258 3391 Ὦςδ*
276 3326 390 3403 ἐγένοντο
404 3322 473 3382 κατά
487 3323 534 3394 τὴν
554 3322 707 3396 Γαλιλαίαν,
728 3320 787 3387 τοῦς
805 3320 852 3397 μὲν

79 3411 228 3491 ἐπιχωρίαις
242 3413 393 3492 άρεστῦιτας
406 3410 451 3467 καί
464 3412 490 3468 ίν
504 3418 556 3476 τοῖς
575 3408 662 3475 ὅπλοις
677 3406 751 3473 ὄντας
763 3430 853 3465 κατα-

79 3497 256 3573 λαμὸάνοοσι,
269 3502 307 3577 τῷ
325 3496 447 3577 σατράπῃ
471 3497 493 3555 δ’
513 3496 681 3575 ἐνετύγχανον
703 3494 854 3571 πανούργοις

45 3608 67 3645 ss
79 3585 190 3665 σρόδρα,
209 3586 255 3643 καὶ
268 3588 324 3651 ταῖς
336 3582 534 3665 ριλορρονήσεοι
551 3583 598 3654 τὴν
611 3580 751 3655 ίπιίουλὴν
772 3582 854 3640 καλύ-

77 3694 146 3731 πτειν
154 3670 494 3752 ίνεκελεύοντο.Δῦραγοῦν
502 3673 558 3738 δοὺς
566 3674 659 3743 αὐτοῖς,
667 3666 745 3729 ἔπειτ’
753 3672 855 3749 ἀναχω-

80 3764 181 3837 ρῶντας
193 3760 285 3838 ίλόχα.
301 3760 362 3826 Τοῖς
374 3761 401 3817 δὲ
416 3758 533 3831 αἴσθησις
542 3756 641 3836 γίνεται
650 3762 695 3829 τῆς
708 3756 855 3825 ἔπιόουλῆς,

79 3850 246 3926 καταχθεῖσιν
259 3847 294 3913 εἷς
308 3870 332 3905 τι
351 3850 402 3905 τῶν
414 3845 634 3925 παραθαλασσίων
648 3844 761 3923 χωρίων,
776 3842 790 3901 θ
804 3866 855 3900 κα-

80 3934 162 3991 λεῖται
174 3934 338 3995 Ἐκδίππων.
352 3934 427 3995 Ἐκεῖ
433 3934 483 4014 γὰρ
494 3932 541 4004 τίν
553 3956 580 3990 τε
589 3931 729 4010 ὑπόσχεσιν
741 3930 855 4001 ἤκουσαν

47 4052 69 4089 ω
81 4024 129 4078 τῶν
142 4020 236 4101 χιλίων
251 4020 395 4095 ταλάντων,
416 4024 461 4081 καὶ
475 4024 509 4087 ὡς
521 4018 660 4096 Ἀντίγονος
673 4016 720 4084 τθς
734 4016 857 4083 πλείστας

79 4112 128 4165 τῶν
145 4108 208 4188 παρ’
220 4110 306 4175 αὐτοῖς
320 4114 448 4188 γυναικῶν
464 4111 490 4167 tu
502 4112 558 4174 ταῖς
575 4104 755 4172 πεντακοσίαις
768 4111 856 4163 καθω-

81 4194 158 4255 σίωσε
171 4196 300 4276 Πάρθοις,
312 4196 352 4255 δτι
366 4220 393 4255 τε
407 4195 600 4279 προλοχίζοιντο
612 4194 659 4272 μίν
674 4195 760 4261 αὐτοῖς
778 4196 805 4250 αἱ
817 4190 857 4251 νύ-

80 4305 136 4349 κτες
149 4282 201 4341 ὑπὸ
221 4288 273 4341 τῶν
287 4282 427 4365 βαρῦάρων
440 4284 494 4355 ἀεί,
508 4282 591 4342 πάλαι
608 4284 630 4341 δ’
645 4280 676 4340 δν
690 4280 735 4339 καί
749 4280 857 4351 συνελή-

81 4373 191 4447 ρθησαν,
208 4372 231 4428 εί
249 4368 286 4445 μὴ
307 4370 457 4449 περιέμενον
477 4372 504 4429 δν
527 4368 715 4450 Ἱεροσολύμοις
737 4368 857 4448 Ἡρώδην

49 4484 70 4521 ts
83 4456 208 4536 πρότερον
219 4456 322 4529 latete,
333 4460 368 4524 ὡς
388 4456 425 4534 μὴ
441 4456 632 4537 προπυθόμενος
642 4454 675 4513 τθι
689 4456 747 4513 κατ’
767 4453 858 4521 αὐτούς

83 4542 234 4621 φυλάξαιτο.
258 4543 341 4603 Ταῦτ’
352 4542 439 4603 οθκίτι
449 4542 523 4621 λόγος
533 4536 564 4615 ἦν
575 4542 661 4619 μόνον,
676 4542 798 4600 ἀλλὰκαὶ
810 4541 857 4622 ρύ-
868 4602 872 4611 ,

82 4630 164 4697 λακας
178 4630 230 4703 ἤδη
244 4630 376 4709 πόρρωθεν
391 4633 475 4689 αὐτῶν
490 4629 609 4690 teleneu

120 4718 151 4773 ε’·
174 4718 214 4777 Οῦ
229 4714 282 4795 μὴν
297 4717 456 4791 Φασάηλος,
473 4719 557 4776 καίτοι
574 4716 660 4776 πολλδι
676 4722 860 4798 παραινοῦντος

83 4804 224 4884 Ὀφελλίου
244 4804 347 4886 φεύγειν
368 4804 501 4881 (πίπυστο
513 4803 564 4885 γάρ
583 4799 656 4873 οὗτος
672 4805 745 4883 παρὰ
771 4808 859 4885 Σαρα-

53 4924 74 4959 m
86 4894 176 4969 pilitus
190 4896 236 4950 τοῦ
247 4893 442 4952 πλουσιωτάτου
452 4893 510 4952 τότε
526 4892 617 4975 Σύρων
628 4891 676 4963 τὴν
688 4892 805 4961 σύνταξιν
815 4898 861 4964 τῆς

80 4980 224 5051 άπιάουλῆς
235 4976 327 5053 diesi,
338 4983 491 5040 καταλιπεῖν
504 4979 630 5062 Ὑρκανὸν
640 4980 784 5058 ὑπέμεινεν,
794 4980 861 5039 άλλδι

84 5070 121 5147 τῷ
135 5066 260 5147 σατράπῃ
271 5066 424 5147 ’προσελθών
438 5068 557 5149 ἄντικρυς
570 5068 681 5137 ὠνείδιζε
694 5067 741 5141 τὴν
754 5068 861 5127 ἐπιδου-

86 5154 144 5227 λὴν,
156 5155 204 5213 καὶ
215 5154 319 5230 μάλισθ’
331 5155 371 5211 δτι
382 5154 481 5233 γε’νοιτο
492 5161 602 5221 τοιοῦτος
611 5155 753 5235 χρημάτων
766 5154 860 5215 turres.

489 548 493 557 .
542 494 592 559 bb
614 496 734 575 betto
755 492 834 557 JUD.
857 496 925 555 Lib.
949 500 971 557 l.
995 500 1075 557 est).
1099 498 1177 557 xttt.

1484 506 1579 573 [sans]
1624 514 1660 563 ³8

893 632 956 695 giem
968 632 1133 695 procedebant.
1158 635 1240 690 Quum
1250 636 1329 680 autem
1339 646 1380 681 eos
1391 632 1468 683 salida
1476 648 1547 683 mauu
1557 639 1662 699 excepis-

887 739 941 785 sent
949 737 1074 796 ilpresuus
1082 739 1107 783 et
1118 733 1260 793 Pbssaelus,
1272 734 1295 783 iu
1307 734 1358 783 loro
1373 734 1456 797 prelio
1468 735 1601 797 nonbigitur
1617 752 1623 784 ι
1639 736 1665 785 iu

887 847 935 896 uuo
943 834 1051 883 nostibus
1059 835 1083 882 vi
1093 834 1310 883 tieredisuoromiu
1319 834 1399 897 lugam
1407 836 1495 896 uersis,
1503 837 1576 886 εοιῖιι
1584 836 1665 887 tensum

887 934 1044 993 oourtiudunt,
1052 934 1163 995 virosque
1174 933 1357 994 sexaginta,qui
1365 934 1418 983 ilios
1425 934 1571 984 custodirent
1580 973 1586 996 ,
1596 936 1619 983 iu
1632 936 1665 983 si·
1718 925 1723 935 ’

819 1054 825 1075 ι
888 1031 947 1079 einis
958 1029 1070 1079 domibus
1080 1030 1233 1079 eoliooerunt.
1266 1035 1378 1080 ceterum
1397 1032 1511 1094 populus,
1527 1033 1667 1081 eutitioneur

888 1129 911 1174 in
929 1126 1014 1176 tratres
1032 1126 1133 1186 tacteus,
1152 1128 1205 1175 illos
1224 1140 1348 1187 agressus
1362 1129 1528 1177 concremarit.
1562 1128 1667 1177 ltemdes

887 1228 981 1285 entem,
995 1224 1027 1271 ob
1036 1230 1171 1285 peremptos
1181 1224 1215 1271 irs
1225 1224 1409 1279 excandescens.
1422 1236 1499 1286 pugno
1514 1226 1601 1285 popmo
1612 1240 1666 1273 σιιιι·

889 1327 965 1382 seris,
984 1323 1073 1371 multos
1085 1322 1179 1371 illorum
1197 1323 1309 1371 intertioit
1326 1327 1369 1371 :et
1379 1322 1431 1371 aliis
1447 1322 1554 1383 qrrotidie
1572 1322 1597 1371 iu
1609 1322 1668 1372 attus

889 1418 1012 1465 turmatim
1024 1417 1212 1477 lrurrrsaulibbs,
1221 1420 1333 1467 ooutioua
1343 1418 1405 1466 lucta
1413 1421 1450 1467 est
1461 1419 1549 1469 weles.

919 1518 942 1559 ³.
962 1517 992 1561 ut
1010 1513 1070 1562 testo
1089 1514 1284 1575 iuslsute1quod
1301 1517 1437 1563 t’euteorste
1454 1515 1595 1577 appelletur,
1616 1514 1668 1561 lura

890 1602 969 1649 orlruiu
981 1602 1044 1651 eirea
1054 1604 1170 1665 templum
1181 1606 1206 1651 et
1218 1574 1340 1651 terebros
1354 1602 1423 1666 plebe
1434 1607 1521 1653 rustica
1532 1606 1620 1666 reprleta
1630 1611 1669 1652 est

891 1695 915 1739 et
926 1692 1038 1755 pleraque
1049 1698 1147 1743 semota.
1161 1696 1190 1743 Et
1202 1694 1330 1743 phasaelus
1343 1692 1441 1757 quidem
1450 1707 1545 1753 nruros,
1562 1694 1667 1743 tierodos
1750 1716 1753 1721 ·

891 1794 949 1829 vero
958 1794 1014 1830 eum
1024 1783 1106 1845 perrois
1117 1784 1205 1844 regiam
1218 1782 1348 1843 tutabatur,
1359 1784 1468 1845 neuque
1479 1784 1502 1832 in
1512 1784 1593 1833 hostes
1604 1783 1668 1834 inor·

890 1872 985 1921 diustos
995 1874 1090 1923 iucsusu
1102 1872 1132 1923 sd
1145 1873 1212 1923 urbis
1223 1878 1314 1937 partem
1332 1873 1463 1927 borealem.
1472 1874 1609 1937 complures
1618 1876 1667 1937 qui·

890 1964 945 2013 dem
964 1966 1070 2027 perterrti,
1085 1977 1210 2014 nustersos
1226 1966 1318 2014 νειοῖο
1334 1965 1413 2026 lugam
1426 1969 1511 2026 uertit,
1522 1970 1547 2013 et
1566 1966 1626 2015 alios
1642 1966 1668 2015 irs

892 2054 991 2115 urbem,
1008 2054 1068 2105 otios
1086 2056 1111 2103 iu
1124 2056 1223 2116 tenum,
1239 2069 1322 2105 rursus
1336 2055 1397 2105 alios
1415 2055 1440 2103 iu
1458 2054 1546 2104 saltum
1559 2056 1667 2105 exterius

891 2146 1020 2199 eourtodn.
1047 2151 1138 2199 totores
1156 2146 1256 2210 supplex
1279 2150 1338 2208 petit
1360 2148 1491 2208 mttponus
1511 2152 1538 2197 ut
1562 2149 1666 2195 Parours

891 2237 957 2301 pacis
969 2238 1056 2287 arbiter
1068 2239 1093 2287 in
1104 2238 1188 2288 urbem
1202 2239 1351 2288 admittatur.
1384 2243 1462 2300 Atque
1471 2236 1600 2287 Pbasseius
1610 2252 1665 2287 ero·

892 2334 957 2379 ratrrs
970 2328 1028 2379 urbe
1039 2336 1064 2379 et
1077 2331 1179 2392 bospitio
1196 2331 1309 2380 Parthum
1321 2343 1376 2378 essm
1395 2328 1515 2391 equitibus
1531 2329 1668 2392 perterrentis

891 2422 990 2483 exeipit,
1007 2420 1087 2483 specie
1103 2420 1199 2482 quidem
1217 2421 1247 2469 od
1260 2420 1400 2469 seditionem
1417 2418 1605 2481 eornponeruiom
1626 2431 1669 2468 re·

892 2514 1010 2571 utentem,
1021 2525 1046 2560 re
1057 2515 1136 2559 sutem
1148 2524 1203 2559 vern
1212 2511 1242 2559 sd
1253 2524 1323 2573 opem
1333 2511 1450 2572 Antigono
1462 2509 1589 2559 terendam.
1624 2512 1668 2558 be-

893 2604 965 2664 nique
977 2602 1115 2650 Pirasseiuro
1127 2600 1209 2649 lrarsde
1218 2599 1320 2661 rloioqne
1330 2601 1433 2662 perpulit
1442 2604 1469 2648 ut
1484 2600 1514 2647 ml
1525 2599 1671 2662 banspissr·

894 2710 948 2745 uem
969 2696 1059 2757 imarus
1079 2694 1109 2743 de
1130 2694 1192 2743 bello
1213 2692 1317 2742 liniendo
1337 2693 1532 2756 prolirisoeretur‚
1556 2695 1668 2755 quernus

894 2788 996 2837 multum
1009 2786 1161 2837 dissuadente
1174 2786 1265 2835 iterode
1278 2791 1302 2835 et
1315 2786 1424 2835 bortante
1441 2792 1467 2833 ut
1483 2786 1643 2835 insidiatorem
1657 2799 1672 2835 s

894 2881 972 2930 medio
979 2881 1083 2940 tolieret,
1091 2880 1131 2928 sed
1142 2892 1188 2927 nun
1198 2892 1223 2928 se
1232 2880 1308 2941 ipsum
1316 2878 1369 2940 ejus
1376 2878 1468 2929 insidiis
1475 2881 1527 2941 oapi
1536 2882 1671 2943 pateretur;

895 2974 978 3021 rroturo
988 2971 1075 3033 quippe
1084 2970 1197 3019 barbaros
1207 2978 1261 3020 'esse
1273 2970 1381 3033 rerttdos.
1400 2971 1464 3021 Exiit
1476 2976 1555 3020 autem
1567 2974 1673 3021 Pacorus

894 3074 949 3110 cum
961 3063 1144 3122 tls-roano..uuo
1156 3061 1236 3110 suiuus
1245 3064 1371 3125 susspectus
1380 3067 1457 3122 esset,
1467 3064 1602 3125 relictisque
1610 3064 1673 3126 sputi

896 3147 1013 3202 lterode'm
1023 3152 1142 3201 nonnullis
1149 3152 1270 3214 equitibus
1278 3193 1285 3214 ,
1294 3154 1336 3215 qni
1348 3154 1578 3216 Eleutlserillr'berr')
1590 3169 1673 3205 romu·

897 3249 945 3305 ter,
955 3258 1011 3293 oum
1022 3245 1107 3294 ceteris
1119 3246 1259 3295 Plresaelum
1270 3245 1408 3295 dedecebat

926 3340 949 3384 t.
967 3335 1013 3385 sed
1025 3334 1066 3385 nbi
1078 3334 1107 3385 sd
1120 3336 1244 3385 Gelilamn
1255 3342 1386 3396 ιεοεευιιι,
1395 3336 1517 3397 indigenas
1529 3336 1626 3399 quidem
1642 3337 1673 3386 ad

897 3428 1055 3477 delectionem
1065 3428 1191 3491 perductos
1199 3432 1272 3489 etque
1283 3432 1389 3476 ιτεοιιοι
1402 3428 1539 3489 ostendunt,
1555 3434 1674 3491 satrapam

898 3534 953 3569 vero
965 3520 1049 3569 callide
1059 3520 1189 3569 menodoro
1200 3520 1303 3579 εθευιιῖ,
1316 3524 1339 3570 et
1354 3520 1510 3570 adhortantur
1524 3526 1551 3570 et
1561 3521 1675 3570 ornieissi·

898 3624 937 3661 rue
946 3625 988 3661 ees
997 3613 1120 3663 tractando
1130 3612 1227 3661 iusidias
1236 3615 1332 3675 tegeret.
1365 3616 1448 3677 itaque
1461 3615 1565 3677 priumm
1574 3627 1616 3665 eos
1625 3628 1674 3664 mn·

898 3705 996 3755 neribus
1009 3704 1123 3766 donarit,
1138 3704 1225 3755 ‹ieiude
1241 3704 1418 3755 discedentibus
1433 3705 1599 3757 insidiabatur.
1638 3707 1675 3757 illi

898 3802 992 3862 asuero,
1002 3796 1027 3845 in
1038 3798 1184 3847 maritimum
1195 3797 1408 3859 quendamtoeum
1419 3797 1529 3859 deducti,
1538 3800 1577 3849 oui
1588 3814 1675 3849 ιιοιοεει

900 3884 1035 3948 Ecdippbu,
1044 3885 1152 3936 lraodem
1163 3888 1306 3951 intelligunt
1347 3889 1383 3939 lbi
1392 3890 1456 3939 euim
1467 3891 1497 3939 de
1507 3893 1572 3941 mille
1581 3893 1676 3942 talentis

900 3980 1023 4040 promissis
1034 3980 1173 4044 audieruut,
1183 3986 1207 4032 et
1216 3984 1282 4045 qnod
1293 3985 1424 4045 Antigenus
1432 3984 1613 4047 quingentarum
1625 4002 1676 4037 mn·

901 4073 985 4123 iterum
996 4076 1123 4125 maximam
1131 4082 1222 4139 partein
1230 4080 1442 4130 esnisdeeosisset
1449 4083 1555 4145 Partitis,
1566 4082 1676 4146 qrrodque

903 4167 948 4217 sibi
965 4164 1060 4231 'semper
1077 4183 1091 4217 e
1107 4168 1214 4221 barbaris
1230 4177 1303 4222 noete
1323 4178 1519 4236 prestrnereutur
1529 4176 1634 4236 insidiae,
1652 4182 1677 4227 et

899 4262 947 4323 jusu
968 4260 1010 4309 diu
1031 4264 1195 4325 eessrprebeusi
1210 4264 1321 4327 tuissent,
1341 4266 1385 4317 nisi
1406 4270 1584 4330 exspectassent
1602 4266 1678 4317 donec

902 4355 1071 4416 uterosotymis
1081 4364 1165 4419 raptus
1177 4358 1238 4407 toret
1247 4358 1445 4423 Herodes,oe,si
1454 4362 1611 4425 praescivisset
1619 4361 1678 4424 quid
1702 4400 1707 4409 .

901 4446 930 4494 de
940 4446 986 4494 iliis
998 4446 1078 4506 tieret,
1088 4448 1131 4496 sibi
1139 4463 1222 4499 enuere
1230 4450 1254 4499 in
1262 4454 1365 4501 mentem
1375 4451 1502 4501 streuiret.
1535 4453 1617 4513 timue
1626 4457 1678 4503 tum

903 4542 975 4593 verbs
985 4542 1138 4601 isteoeraot,
1150 4541 1192 4592 sed
1202 4542 1251 4603 ism
1260 4544 1371 4594 custodes
1382 4542 1502 4607 proculab
1513 4544 1573 4599 losls
1583 4548 1679 4608 σοαιρῖ-

902 4638 1003 4689 ciebant

934 4732 957 4775 5.
976 4728 1028 4775 uon
1044 4729 1124 4775 temen
1137 4725 1279 4787 Plrasaslus,
1289 4728 1398 4788 quemvis
1409 4742 1465 4778 eum
1478 4729 1561 4799 struitis
1570 4736 1677 4785 monere

904 4812 1004 4863 ofellius
1015 4812 1189 4873 etaerupem,
1203 4813 1270 4873 (uam
1283 4814 1321 4863 ille
1331 4827 1345 4863 s
1355 4816 1496 4878 δεεεωιίίε,
1510 4820 1552 4881 qui
1564 4826 1615 4870 tum
1628 4825 1681 4871 erat

904 4903 1021 4961 syrorum
1030 4898 1244 4962 locupletissimus,
1254 4900 1335 4950 omnis
1347 4902 1378 4953 ds
1387 4906 1525 4967 oompoeitis
1536 4907 1627 4958 insidiis
1639 4921 1680 4957 au·
1724 4966 1728 4977 Ι

904 4986 1022 5049 θῖιεεει,)
1040 4989 1175 5049 tirrenum
1192 4987 1301 5039 deserere
1315 4990 1442 5056 sustinuit,
1456 4995 1498 5043 sed
1511 4995 1542 5043 ad
1560 4999 1679 5057 satrapam

906 5076 1041 5139 proiectus,
1052 5074 1075 5125 ei
1086 5075 1110 5123 iu
1125 5088 1153 5124 os
1163 5058 1323 5139 exprobrabat
1336 5078 1446 5140 insidias,
1458 5085 1483 5131 et
1500 5083 1603 5131 rusxtroe
1614 5081 1679 5143 qued

907 5164 1013 5227 peonmoe
1027 5161 1103 5224 gratis
1118 5164 1167 5212 tam
1184 5164 1289 5227 perfidus
1300 5166 1438 5215 exstitisset.
1471 5167 1543 5229 Atqui
1560 5168 1611 5229 ipse
1625 5168 1680 5231 plna

87 5240 179 5299 Πλείω
193 5264 222 5319 γε
232 5238 284 5317 μὴν
297 5240 372 5307 etri<
383 5240 447 5322 ὑπὲρ
458 5240 585 5322 σωτηρίας
596 5243 758 5320 ὑπισχνεῖται
773 5243 863 5301 δώσειν
907 5266 950 5315 pro
961 5251 1037 5299 salute
1049 5251 1162 5300 datorum
1174 5264 1227 5300 esse
1242 5252 1480 5315 promittebat'ouam
1494 5254 1625 5315 Αοθςςοαυι
1636 5269 1680 5319 pro

200 5352 318 5389 testeum.
334 5354 361 5389 li.
