3825 6059
51 584 206 655 prro-noo.)

48 711 189 789 προμιάνωσι
199 710 230 768 τὸ
242 716 286 768 τοῦ
297 716 365 773 θεοῦ
376 712 487 787 τέμενος.
519 704 569 778 Οἷς
581 716 627 771 οὐκ
641 714 799 784 ἀπιστήσαν·

47 822 78 863 τες
88 802 107 855 σί
117 798 226 868 ζηλωταὶ
240 798 372 864 διακόνους
385 798 490 865 ἑαυτοὺς
501 799 635 859 ἰπέδοσαν.

345 924 434 982 llum
457 922 494 982 Z'.
519 1008 523 1016 γ

78 1058 137 1129 Ἤδη
154 1058 317 1136 δίἸωνόννη
331 1062 498 1139 τυραννιῶντι
511 1061 540 1118 τδ
554 1060 617 1140 πρὸς
632 1062 734 1136 δμοίους
747 1061 800 1119 ίσό·

48 1170 108 1217 τιμον
121 1144 243 1217 ἠδοξεῖτο,
265 1145 312 1203 καί
330 1146 388 1203 κατ’
401 1146 501 1222 ὀλίγους
519 1148 737 1224 προσποιούμενος
750 1152 800 1205 τῶν

30 1231 202 1310 ιπονηροτέρων
215 1232 342 1311 ἀρηνίαζι
355 1239 400 1290 τοῦ
416 1232 604 1309 συντάγματος.
646 1234 697 1293 Ἀεὶ
713 1233 739 1291 δέ
749 1234 801 1301 τοῖς

50 1318 85 1391 μὲν
96 1324 141 1375 τῶν
154 1318 237 1377 ἄλλων
260 1318 388 1395 δόγμασιν
402 1322 524 1390 ἀπειθῶν,
539 1318 571 1376 τά
586 1318 612 1376 δί
627 1323 704 1379 αὑτοῦ
717 1343 801 1397 προσ-

48 1407 131 1463 τάσσων
157 1405 392 1485 δεσποτικώτερον,
412 1408 488 1476 δῆλος
511 1397 543 1475 ἦν
567 1407 708 1485 μοναρχίας
730 1411 800 1465 ἀντι·

50 1490 183 1565 παυόμενος.
223 1484 303 1550 Εἰκον
327 1492 355 1551 δέ
379 1494 450 1571 αὐτῷ
472 1516 537 1559 τινες
556 1492 602 1568 μέν
617 1493 681 1563 δέει,
695 1496 759 1575 τιγὲς
773 1493 800 1550 δέ

49 1580 93 1633 κατ’
104 1577 195 1635 εὔνοιαν
208 1577 305 1652 (δεινὸς
319 1578 370 1656 γάρ
381 1571 414 1649 ἦν
428 1580 517 1656 ἀπάτῃ
531 1580 576 1638 καί
589 1582 656 1658 δόλῳ
670 1582 800 1659 πρόσαγα·

30 1682 41 1716 n
50 1664 145 1738 γεόθαι),
155 1665 243 1722 πολλοὶ
253 1664 280 1722 δὲ
287 1665 351 1744 πρὸς
360 1667 500 1745 ἀσφαλείας
511 1665 647 1742 ἡγούμενοι
660 1671 705 1735 τῆς
717 1670 799 1723 αὑτῶν

51 1750 85 1814 τάς
96 1752 170 1817 αἰτίας
189 1752 240 1824 ἤδη
254 1757 306 1811 τῶν
321 1753 494 1829 τολμωμένων
509 1757 549 1833 ἐρ’
563 1752 607 1811 ἕνα
628 1754 672 1811 καὶ
682 1753 719 1830 μὴ
733 1754 800 1811 πολ-

50 1836 94 1902 ret<
104 1838 273 1919 ἰναρέρεσθαι.
316 1842 341 1898 Τ
342 1838 356 1897 ό
365 1862 394 1916 γε
407 1838 458 1915 μὴν
468 1840 620 1917 δραστήριον
630 1842 720 1908 αὐτοῦ,
732 1839 799 1896 κατοί

50 1947 71 1979 τε
82 1927 146 2004 χεῖρα
156 1926 198 1985 καί
212 1924 281 1984 κατά
296 1924 415 2003 γνώμην,
429 1927 580 2004 δορυφόρους
594 1916 663 2003 εἰχεν
683 1928 730 1982 οὐκ
743 1926 798 1982 όλί-

50 2034 102 2085 γως·
136 2013 259 2083 Πολλὴδὲ
271 2022 352 2092 μοῖρα
368 2018 418 2069 τῶν
432 2013 684 2087 ἀντικαθισταμένων
696 2012 799 2069 ἀπελεί-

29 2110 110 2168 parra,
119 2105 175 2178 παρ’
188 2091 224 2165 οἷς
234 2098 313 2177 ἴσχυε
322 2098 370 2174 μὲν
382 2100 426 2155 καὶ
439 2098 544 2176 ρθόνος,
556 2098 636 2155 δεινὸν
649 2097 799 2176 ἡγουμένων

51 2187 197 2263 ὑποτετάχθαι
212 2191 250 2265 τῷ
264 2186 327 2263 πρὶν
347 2184 468 2263 ἰσοτίμῳ·
482 2184 513 2243 τδ
533 2183 611 2242 πλέον
628 2185 653 2243 δί
678 2184 799 2243 stlido«

52 2275 85 2336 τῆς
95 2272 223 2350 μοναρχίας
243 2272 399 2349 ἀπέτρεπεν.
441 2271 510 2331 Οὔτε
520 2269 569 2350 γδιρ
581 2271 735 2329 καταλύσειν
748 2274 799 2351 ῥη-

53 2357 97 2420 tle
105 2357 198 2425 ἤλπιζον
213 2358 294 2415 αὐτὸν
306 2356 375 2423 ἅπαξ
388 2356 567 2435 κρατήσαντα,
578 2357 623 2413 καὶ
633 2357 688 2413 καθ’
701 2360 798 2415 έαυτῶν

55 2444 157 2520 apo-sacri
181 2444 240 2511 ἕξειν
254 2445 289 2501 τὸ
303 2444 350 2515 τὴν
372 2442 454 2521 ἀρχὴν
472 2443 641 2521 ἀντιπρᾶξαι·
658 2445 798 2521 προῃρεῖτο

29 2540 45 2578 b
55 2530 73 2585 ἀ
83 2530 95 2597 ἰ,
106 2532 213 2605 πολεμῶν
226 2529 273 2589 έκα
279 2552 339 2595 στος
349 2534 434 2587 ὁτιοῦν
444 2530 533 2587 παθεῖν
549 2529 565 2598 ’λ
580 2530 716 2594 δουλεύσας
726 2534 798 2587 iaaa-

57 2614 101 2680 ιίως
110 2618 131 2671 ἐν
141 2619 302 2697 ἀνδραπόδου
315 2616 393 2695 μοίρᾳ
403 2616 611 2694 παραπολέσθαι.
653 2622 797 2694 Διαιρεῖται

56 2702 91 2771 μὲν
105 2693 173 2773 edrai
196 2704 289 2769 στάσις
305 2707 334 2761 ἐκ
356 2703 462 2771 τούτων,
481 2703 525 2760 καί
546 2704 596 2768 ’.οἷς
615 2705 798 2761 ἐναντιωθεῖσιν

55 2792 151 2865 Ἰωάννης
164 2798 391 2857 ἀντιόασίλευσεν.
434 2796 511 2857 Ἀλλά
528 2797 560 2853 ad
576 2796 623 2870 μέν
637 2797 698 2875 πρὸς
713 2798 797 2866 ἀλλή-

54 2880 98 2946 λοις
108 2885 182 2949 αὐτοῖς
191 2885 232 2943 διά
243 2888 364 2964 ρυλαιιῆς
373 2878 414 2955 ἦν,
426 2883 471 2942 καί
482 2885 553 2941 οὐδὲν
568 2883 584 2952 ἢ
600 2884 689 2962 μικρὸν
702 2884 797 2942 εἴποτε

29 2967 244 3047 ἥδιηκροίτλίζοντο
256 2974 312 3033 τοῖε
323 2972 423 3038 ὅπλοις·
438 2970 524 3048 ἤριζον
537 2972 564 3027 δὲ
577 2970 647 3029 ’κατὰ
660 2976 704 3027 τοῦ
714 2970 798 3045 δήμου

56 3054 89 3109 καί
99 3056 189 3135 πότεροι
199 3060 309 3117 πλείονα
326 3057 399 3117 λαίαν
414 3056 549 3125 ἀνάξουσιν
570 3056 796 3135 ἀντεφιλονείκουν.

56 3138 113 3197 Ἐπεὶ
120 3143 144 3200 δὲ
154 3149 169 3214 ἡ
179 3145 251 3211 πόλις
260 3145 332 3225 τρισὶ
341 3154 393 3211 τοῖς
400 3145 527 3221 μεγίστοις
533 3153 621 3215 ηακοῖς
632 3144 797 3221 ἐχειμάζετο,

55 3228 138 3307 πολέμῳ
148 3232 189 3287 καὶ
199 3233 330 3311 τυραννίδι
342 3231 386 3289 καὶ
403 3230 510 3305 στάσει,
521 3230 588 3288 κατὰ
605 3230 735 3306 σύγκρισιν
751 3254 797 3304 με·

54 3315 161 3391 ’ριόιτερον
169 3308 198 3389 ἧν
211 3327 263 3385 τοῖς
277 3321 424 3393 δημοτικοῖς
435 3322 449 3375 δ
462 3316 582 3391 πόλεμος.
624 3315 726 3392 Ἀμέλει
739 3319 797 3375 δια-

31 3408 47 3445 n
56 3398 201 3475 διίράσκοντες
208 3408 237 3463 ἐκ
252 3406 307 3461 τῶν
321 3404 421 3462 οἰκείων
440 3403 544 3483 έρευγον
562 3402 625 3481 πρὸς
641 3401 698 3468 τοῦς
713 3402 798 3459 ἀλλο-

56 3484 131 3561 τρίως,
141 3490 182 3548 καί
194 3494 265 3569 παρὰ
281 3490 421 3566 Ῥωμαίοις
430 3482 462 3561 ἦς
472 3490 623 3561 ἀπήλπισαν
631 3492 657 3546 έν
669 3497 720 3554 τοῖς
727 3488 799 3554 ἰδίοις

56 3574 158 3649 σωτηρίας
170 3576 296 3646 ἠξιοῦντο.

92 3660 156 3735 lla'l
170 3664 201 3739 β’.
213 3661 349 3740 Τέταρτον
363 3661 391 3720 δέ
401 3662 465 3720 ἄλλο
476 3661 554 3720 κακδν
562 3664 668 3721 ἐκινεῖτο
679 3661 742 3741 πρὸς
753 3660 799 3731 τὴν

54 3746 86 3795 τοῦ
98 3742 329 3813 ἔθνουςκατάλυσιν.
341 3748 469 3828 Φρούριον
482 3741 514 3819 ἦν
527 3751 556 3805 οὐ
564 3748 651 3829 πόρρω
659 3746 799 3827 Ἱεροσσλό·

32 3832 96 3896 θμων
111 3835 313 3913 καρτερώτατον,
329 3835 380 3893 baro
405 3838 455 3892 τῶν
483 3835 598 3913 ἀρχαίων
619 3831 745 3911 βασιλέων
766 3832 800 3899 εἰς

55 3934 73 3968 τε
84 3917 198 3979 ὑπέκθεσιν
212 3924 330 3995 κτήσεως
340 3926 366 3979 ἐν
380 3922 495 3997 πολέμου
510 3923 599 4001 ῥοπαῖς
609 3920 654 3979 καί
672 3919 800 3997 σωμάτων

488 581 538 641 DE
560 584 680 642 uultu
701 586 782 643 tub.
810 586 880 647 LIB.
902 588 950 646 tv.
975 590 1057 649 cll.
1083 590 1148 647 Vll.

1328 468 1358 497 W

1359 591 1512 669 υο-υι
1555 608 1608 651 ω

846 726 933 775 lecum.
967 728 1061 785 Quibus
1072 728 1126 777 licat
1136 727 1205 778 tidem
1228 741 1273 778 uon
1289 728 1439 779 detraherent
1459 731 1553 792 relatur,
1570 733 1613 794 ipsi

845 814 925 863 brnen
934 827 961 862 se
971 826 1053 862 earum
1064 828 1140 863 rerum
1149 814 1268 863 ministros
1281 815 1439 879 prebuerunt.

1061 930 1142 988 aar.
1165 930 1225 988 vu.
1250 930 1379 1005 (ιιιιιιις

874 1085 1075 1141 imprecantem,
1086 1098 1159 1144 qurum
1167 1084 1216 1143 lam
1222 1085 1367 1147 tyrannidem
1377 1086 1505 1145 affectaret,
1514 1088 1615 1137 errnrlem

844 1182 898 1217 cum
910 1170 1097 1231 muralibussuis
1108 1172 1219 1221 honorem
1232 1172 1336 1234 accipere
1344 1174 1525 1235 dedignabatuu
1537 1178 1615 1235 [narla-

844 1258 935 1319 timquc
944 1272 957 1305 e
965 1258 1115 1319 nequioribus
1122 1260 1236 1320 qrrosdam
1243 1261 1286 1309 sibi
1294 1262 1422 1323 adjungens
1431 1276 1512 1311 eorum
1521 1264 1597 1311 lartio
1608 1266 1615 1313 i

843 1352 869 1389 ss
878 1343 1030 1391 aubdorebat.
1064 1350 1142 1401 anrm
1152 1352 1231 1393 autem
1242 1358 1334 1407 semper
1345 1347 1444 1395 alionum
1455 1348 1550 1409 uiridem
1560 1362 1614 1393 rtur·

843 1422 912 1471 sullis
930 1437 977 1473 ιιοιι
989 1426 1174 1489 obtemperaret,
1185 1444 1240 1491 qrrae
1253 1442 1308 1479 vero
1322 1432 1365 1491 ipsi
1384 1434 1434 1480 risa
1452 1443 1533 1483 essen:
1544 1438 1612 1497 iope·

844 1509 1043 1574 riosiusjuberet,
1055 1516 1130 1576 patrum
1140 1522 1190 1565 crat
1206 1518 1271 1578 lpum
1286 1518 1343 1565 rellr
1355 1519 1499 1567 dominatum
1510 1525 1554 1567 snei
1571 1534 1614 1567 sorr

843 1604 953 1641 asserere.
989 1596 1062 1657 Elnrre
1074 1610 1099 1645 se
1117 1598 1237 1647 sociabant
1256 1600 1359 1647 nonnulli
1379 1598 1473 1659 quidem
1485 1606 1547 1648 metu
1557 1636 1563 1659 ,
1575 1602 1614 1648 rlii

845 1692 902 1728 uere
920 1693 948 1727 ea
971 1681 1132 1731 beneuolentie
1152 1684 1160 1743 l
1166 1684 1248 1737 miram
1266 1686 1353 1747 quippe
1373 1684 1493 1733 orientium
1515 1686 1615 1735 lrabulnrt

843 1761 902 1809 atros
915 1760 945 1809 ad
961 1774 986 1809 sa
998 1762 1112 1811 alliciendi
1126 1764 1207 1811 fraude
1217 1770 1241 1813 at
1257 1764 1342 1825 delo),
1358 1765 1499 1826 plurimlque
1508 1767 1570 1827 qrrnd
1585 1768 1614 1815 ud

843 1844 993 1891 serenitatem
1005 1856 1071 1891 snam
1091 1846 1166 1895 sarrire
1183 1845 1360 1903 existimabant,
1374 1851 1401 1894 ut
1417 1846 1544 1895 facinorum
1561 1862 1615 1909 nrum

843 1926 991 1983 patrarentur
1001 1936 1078 1971 causan
1093 1924 1132 1971 usn
1146 1924 1306 1987 potiusquam
1321 1926 1402 1973 mullis
1418 1927 1614 1977 adscriberentur.

843 2004 879 2054 Ad
897 2004 964 2063 lraec,
984 2004 1040 2065 quta
1058 2018 1128 2053 mann
1152 2007 1263 2055 strenuus
1281 2008 1331 2055 crat
1343 2012 1366 2055 et
1380 2008 1489 2067 consiliu,
1501 2022 1547 2057 nun
1560 2024 1614 2070 pann

843 2098 883 2131 ros
902 2087 1002 2132 lnrlmbat
1022 2086 1142 2133 satellites.
1176 2089 1260 2147 llapra
1276 2089 1355 2135 autem
1375 2102 1427 2149 pars
1443 2090 1566 2137 contrariu·
1581 2090 1615 2137 lo·

843 2170 927 2219 rtiouis
935 2184 990 2219 eum
1001 2171 1255 2231 rleser·ebat,·nunnulli
1264 2172 1359 2233 qrrlrlrm
1371 2186 1418 2233 prm
1435 2174 1534 2233 invidia,
1545 2188 1614 2233 prore

842 2252 956 2299 «tricantes
971 2253 992 2299 ri
1013 2252 1096 2313 subjici
1115 2268 1184 2317 quem
1204 2253 1282 2315 paullo
1301 2260 1356 2301 aute
1375 2268 1454 2316 parem
1470 2256 1614 2315 lrabneraut,

843 2331 936 2391 plurimi
949 2345 1007 2379 uero
1020 2334 1064 2380 slot
1076 2340 1186 2382 rarerrtes
1197 2334 1226 2382 ab
1240 2335 1309 2385 rrniut
1321 2334 1451 2385 dominatu.
1470 2339 1528 2384 llum
1540 2338 1614 2395 enirn,

843 2414 863 2461 si
884 2414 957 2463 murel
977 2429 1055 2464 rerum
1076 2417 1209 2479 potiretur,
1231 2416 1293 2465 lraud
1313 2417 1379 2466 tacita
1403 2418 1520 2467 deturbari
1545 2434 1614 2481 posse

842 2494 1023 2553 existimabant,
1034 2495 1138 2556 illudque
1145 2496 1202 2555 ipsis
1208 2495 1355 2555 objecturum
1365 2509 1430 2555 csse,
1440 2496 1503 2557 quod
1512 2499 1613 2559 priunnn

842 2574 862 2621 ci
874 2574 1011 2622 restiterint.
1048 2574 1146 2624 l'roirule
1164 2574 1264 2637 narisque
1277 2574 1338 2625 ballo
1354 2576 1432 2636 potius
1452 2577 1547 2637 quidvis
1567 2580 1613 2638 pati

842 2653 944 2701 analrbat
956 2668 1027 2713 epirum
1046 2654 1200 2701 rolnmariam
1211 2654 1335 2703 serviendo
1346 2656 1483 2703 seruitutem
1496 2672 1538 2719 pru
1549 2672 1614 2707 man·

841 2735 909 2797 cipiis
921 2737 983 2785 nrule
995 2741 1078 2799 perire.
1111 2740 1140 2785 at
1151 2752 1179 2785 ns
1192 2736 1246 2787 istis
1255 2736 1350 2799 uiridem
1362 2738 1437 2785 rlirisn
1449 2746 1485 2787 est
1497 2740 1579 2795 lartio.
1590 2746 1614 2789 et

841 2824 944 2870 loannes
956 2819 979 2865 in
992 2818 1107 2865 contrariu
1120 2816 1314 2866 dissentientibus
1328 2824 1393 2882 parte
1405 2831 1447 2879 pru
1466 2830 1518 2879 rege
1529 2832 1555 2866 ee
1565 2832 1616 2877 per-

842 2901 881 2950 eit
912 2901 958 2950 sol
975 2900 1034 2947 lutra
1048 2900 1110 2961 ipsos
1128 2886 1223 2961 qrridrm
1242 2898 1332 2947 munita
1344 2902 1410 2947 erant
1422 2898 1615 2947 ornrriacustodl-

842 2987 900 3045 bus;
913 2985 1019 3047 nihilque
1031 2987 1071 3033 ast
1084 2997 1164 3047 parurn
1175 2983 1298 3043 agebatur,
1311 2984 1331 3033 sl
1341 2982 1436 3045 quando
1445 2982 1468 3031 iu
1482 2982 1616 3041 velitatione

841 3070 948 3119 arruisse
959 3070 1100 3119 lacesserent
1111 3074 1202 3117 :cornua
1213 3068 1357 3130 plebeculam
1366 3080 1421 3117 rere
1429 3068 1514 3116 acriter
1524 3080 1615 3129 pugna·

842 3156 911 3213 bant,
922 3161 947 3203 et
958 3154 1067 3215 utrinque
1079 3154 1199 3202 nomentio
1214 3156 1264 3201 erat
1275 3153 1372 3213 quinam
1385 3152 1487 3213 prodam
1502 3152 1614 3213 urajorem

841 3241 991 3290 abducerent.
1010 3243 1090 3296 ernm
1108 3244 1187 3287 autern
1198 3240 1274 3287 tribua
1285 3238 1395 3287 maximis
1413 3238 1481 3287 malis
1492 3241 1618 3290 venaretur

841 3328 939 3385 amitas,
952 3326 1047 3375 bellust
1059 3324 1181 3387 tyrannide
1192 3328 1216 3372 et
1233 3324 1360 3381 seditione.
1372 3336 1420 3385 prta
1432 3324 1517 3371 ceteris
1529 3325 1616 3386 popolo

841 3412 918 3460 larius
930 3411 1053 3459 ridebatur
1065 3410 1161 3459 bellum.
1197 3413 1285 3471 ltaque¹
1296 3407 1381 3455 relictis
1396 3407 1551 3457 familiaribus
1565 3410 1616 3458 suris

842 3499 871 3547 orl
883 3498 1024 3558 alierngenas
1044 3495 1258 3559 praetergressum
1276 3492 1340 3554 apud
1361 3495 1480 3542 Romanos
1500 3494 1614 3554 salutem,

842 3598 915 3647 quiam
927 3585 986 3631 iuter
997 3596 1053 3633 suos
1065 3582 1258 3643 desperaverant,
1270 3578 1465 3641 maequebantur.

875 3688 897 3729 t.
911 3680 1017 3741 (xxvl.)
1032 3682 1149 3735 erartnna
1166 3688 1222 3724 raro
1235 3678 1348 3737 praeterea
1362 3673 1450 3722 malum
1464 3678 1571 3722 coortum
1580 3680 1617 3725 est

843 3776 920 3837 gentis
931 3776 956 3823 ln
967 3768 1074 3824 exitium.
1092 3771 1220 3821 castellum
1233 3774 1283 3819 erat
1297 3770 1360 3819 lraud
1371 3771 1453 3832 procul
1466 3770 1496 3818 ab
1507 3770 1616 3821 llierose·

843 3866 915 3928 lymls
926 3862 1108 3920 validissimum,
1118 3862 1220 3923 aprincis
1231 3860 1323 3921 regibus
1332 3861 1357 3910 et
1364 3860 1394 3908 ad
1405 3872 1462 3922 opes
1470 3859 1617 3921 reponendas

843 3959 868 4006 in
881 3956 934 4005 belli
942 3952 1052 4017 periculis
1060 3958 1084 4001 et
1095 3952 1124 4001 ad
1134 3964 1260 4014 corporum
1273 3954 1377 3999 tutamen
1388 3950 1544 4009 ndllicatnm,
1553 3950 1617 4011 quod

55 3998 573 4085 οογτλειανκατεσκευαομένον,δέκαλεῖτο
584 4006 707 4067 Μασάδα.
716 4011 801 4067 Τοῦτο
819 4038 822 4084 γ
843 4040 1079 4093 mmmmm,
1092 4038 1152 4089 prud
1165 4051 1239 4102 quum
1252 4038 1332 4089 sicarii
1341 4038 1381 4099 qni
1392 4038 1572 4100 appellabantur
1580 4052 1618 4085 or.-

54 4090 206 4171 κτιειληρότες
225 4099 248 4154 οἱ
273 4086 522 4173 προσαγορευόμενοι
540 4094 651 4173 σικάριοι
671 4092 734 4159 τέως
744 4092 799 4170 ,μέν

55 4171 87 4236 ’ἃς
98 4178 194 4247 πλησίω
207 4182 295 4261 χώρας
313 4178 479 4258 κατέτρεχον,
494 4180 565 4237 οὐδὲν
581 4178 657 4237 πλέον
672 4183 723 4236 τῶν
743 4181 801 4236 ἐπι-

32 4260 137 4326 lor‘alsien
147 4269 319 4345 ποριζόμενοι·
334 4266 385 4325 δέει
398 4269 449 4345 γὰρ
462 4266 643 4325 ἀνεστέλλοντο
656 4270 701 4336 τῆς
712 4266 798 4323 πλείο·

56 4362 84 4407 llt
99 4346 220 4427 ἇρπαγῆς·
242 4358 276 4421 ὡς
296 4353 323 4412 δέ
334 4358 380 4423 σι’·,ν
396 4352 535 4431 Ῥωμαίων
547 4352 669 4431 στρατιὰν
689 4355 800 4430 ἠρεμοῦ-

56 4448 99 4499 ωνι
108 4437 186 4495 στάσει
198 4441 223 4499 δέ
238 4442 283 4498 καί
296 4440 426 4519 τυραννίδι
438 4440 490 4519 ἰδία
501 4438 559 4505 τοίις
572 4444 599 4496 έν
612 4438 802 4518 Ἱεροσολύμοις

56 4510 167 4589 'turbatore
182 4526 304 4584 ἐπύθοντο
324 4527 505 4603 διγρημένους,
523 4524 666 4604 ἀδροτέρων
689 4525 801 4595 ἥπτοντο

57 4601 210 4679 ἶὓδμιμάτων.
251 4612 305 4673 Καὶ
324 4610 391 4669 κατά
408 4612 454 4681 τὴν
472 4612 560 4691 ἑορτὴν
570 4616 621 4669 τῶν
642 4612 756 4687 ἀζύμων,
768 4612 800 4683 ἣν

34 4682 136 4759 Ιίέἰονοιν
151 4694 265 4757 Ἰουδαῖοι
283 4697 398 4777 σωτήρια
415 4700 498 4766 ἐξόδου
515 4704 560 4769 τῆς
583 4701 627 4755 ὑπ’
651 4698 801 4774 Αἰγυπτίοις

58 4769 160 4851 briain,
175 4784 300 4851 ἀνεθέντες
313 4788 348 4851 εἰς
359 4784 407 4856 τὴν
421 4786 529 4864 πάτριον
543 4790 600 4863 γῆν,
616 4789 742 4853 κατῆλθον
755 4808 801 4841 νυ·

58 4872 118 4937 mir
132 4865 182 4933 ³03³:
197 4872 314 4946 ἐμποδὼν
329 4872 404 4937 ὄντας
418 4872 596 4945 διαλαθόντες,
614 4869 658 4927 καὶ
675 4869 800 4947 πολίχνην

59 4942 99 5040 Ul&
117 4958 293 5035 κατατρέχουσι
306 4959 468 5035 καλουμένην
481 4956 614 5034 Ἐγγαδδί.
663 4955 710 5015 Ἐν
734 4948 801 5032 {ab

60 5047 93 5095 po
103 5034 229 5108 ἀμύνεσθαι
237 5045 383 5120 δυνάμενον,
395 5046 453 5123 πρὶν
466 5043 551 5103 όπλων
564 5041 729 5124 ἅψασθαικαί
740 5064 801 5101 συν-

35 5118 129 5193 unum,
144 5126 277 5201 ρθάσαντες
294 5131 444 5204 ἐσκέδασαν,
462 5131 506 5191 καὶ
524 5135 569 5200 τῆς
595 5131 693 5196 πόλεως
707 5128 800 5197 ἕίίὸα·

60 5218 101 5296 ρον,
110 5209 134 5263 το
146 5211 170 5268 δὲ
178 5218 262 5293 φυγεῖν
269 5210 344 5289 ἦττον
358 5219 394 5293 δν,
408 5218 500 5295 γύναιά
514 5241 542 5275 τε
557 5218 602 5275 καὶ
616 5218 720 5295 παῖδας,
734 5217 799 5297 ὑπὲρ

62 5298 198 5365 taurencium
217 5306 377 5384 ἀναιροῦσιν·
400 5306 488 5362 ἔπειτα
509 5305 566 5369 τούς
586 5328 613 5363 τε
638 5304 721 5369 οἴκους
747 5303 799 5371 ἐξε-

152 5411 263 5451 rosrmrus.
278 5418 305 5452 ιι.

844 4139 986 4197 nupsissent,
1003 4136 1062 4181 tnnc
1072 4130 1169 4193 qrridem
1181 4130 1205 4179 in
1215 4128 1316 4177 uicinam
1330 4129 1446 4189 regionem
1465 4127 1617 4175 encrrruionee
1633 4194 1636 4201 Ι

844 4216 975 4281 lactabant,
987 4220 1045 4269 rnlnt
1054 4220 1118 4268 aliud
1131 4224 1216 4281 praeter
1227 4216 1358 4267 raacosaria
1370 4217 1464 4265 sibimet
1474 4219 1616 4277 qrrmrentes,

843 4314 930 4377 quippe
940 4319 1004 4363 metu
1018 4325 1031 4361 a
1041 4312 1128 4375 rapinis
1142 4308 1294 4372 amplioribus
1302 4308 1482 4357 martinebuntnr
1492 4320 1498 4351 :
1509 4310 1533 4353 at
1543 4318 1616 4365 quum

843 4406 946 4466 primum
966 4400 1268 4452 ltouaaucrumerercitum
1285 4398 1360 4447 udum
1374 4409 1442 4456 agere
1452 4391 1577 4451 audirent,
1593 4398 1618 4440 et

843 4484 1617 4554 aulaeaHierosolymrnnosaxseditioneettnjuatadominatione

842 4582 945 4639 divisas,
960 4578 1048 4639 maiora
1061 4577 1165 4626 lacluora
1181 4576 1381 4638 aggrediebmtur.
1414 4578 1491 4636 Atque
1509 4570 1547 4621 dic
1557 4570 1616 4619 leste

843 4676 986 4732 azymorum
997 4668 1048 4730 (qul
1058 4666 1252 4729 agibrralndaeis
1261 4666 1292 4714 ob
1300 4664 1399 4713 salutem
1409 4664 1528 4723 acceptam
1540 4674 1615 4724 qurum

774 4783 781 4802 ι
843 4774 873 4808 es
883 4758 1043 4820 egyptiorum
1051 4757 1164 4807 seruitute
1174 4754 1297 4804 liberatiin
1309 4758 1393 4803 terram
1404 4755 1502 4817 patriam
1515 4754 1617 4803 remitte·

843 4852 933 4909 rentur)
950 4852 1021 4897 noctu
1031 4847 1219 4904 descenderunt,
1229 4845 1289 4893 clam
1301 4856 1342 4892 cos
1352 4844 1392 4905 qui
1408 4844 1466 4907 ipsis
1476 4844 1599 4893 obstarent
1609 4880 1616 4903 ‚

843 4944 868 4989 et
874 4940 898 4989 ln
903 4937 1044 4999 oppidulum
1053 4936 1172 5001 quoddam
1180 4934 1273 4983 nouriue
1282 4932 1386 4995 Engaddi
1394 4934 1507 4997 impeturn
1518 4934 1616 4982 lacirrut.

843 5039 870 5085 ln
882 5044 929 5095 qua
938 5042 979 5079 eos
988 5029 1028 5090 qul
1038 5026 1168 5077 resistendo
1184 5030 1262 5083 erant,
1275 5024 1412 5087 priusquam
1431 5037 1496 5072 arma
1508 5027 1617 5085 caperent

843 5130 868 5172 et
876 5109 1037 5179 convenirent,
1045 5118 1126 5167 subito
1134 5117 1325 5180 disperseruntet
1333 5115 1427 5164 cir-trare
1436 5116 1618 5175 ejeceruntreos

843 5214 951 5277 rerequi
972 5213 1106 5273 lugerenon
1126 5212 1246 5273 poterant,
1258 5208 1368 5257 mulieres
1387 5204 1526 5261 rodberne,
1545 5210 1618 5269 snpra

844 5307 1004 5370 septingentos
1013 5304 1157 5353 interliciunt
1171 5322 1175 5350 ι
1189 5300 1273 5351 deinde
1284 5313 1358 5364 quum
1367 5290 1618 5355 adescompilassent,

1484 5390 1508 5432 rs
