3825 6059
269 496 322 547 3³2
366 482 511 559 (ιστηιιτι.)
557 511 565 521 ι

719 454 809 537 ‘ror
830 478 926 536 rom.
948 470 1134 535 nonaum·
1156 470 1251 527 ιιιιιι.
1275 469 1305 527 z.
1335 468 1422 527 unu.
1450 472 1471 527 1.

1704 472 1839 552 ιιι-ιιι

267 621 365 676 κτεῖναι
377 614 464 669 κακῶν
483 607 565 675 ἔδοξεν
586 597 650 664 εἶναι
664 604 692 663 τὸ
706 605 872 685 κουφότατον.
913 596 995 663 Οὑτοι
1008 602 1039 674 δὴ
1092 608 1168 656 lorum
1180 604 1305 653 videbatur
1318 616 1370 653 esse
1386 604 1540 652 levissimum.
1576 604 1700 663 laliigilur
1715 606 1840 655 duloreuien

266 701 349 758 τοίνυν
362 699 410 769 την
425 696 468 754 ἐπὶ
481 704 533 761 τοῖς
544 692 733 773 πεπραγμένοις
747 691 838 762 ὀδύνην
850 692 936 749 οὐκέτι
950 692 1040 772 φέρον·

270 812 306 853 τες
317 787 362 845 καὶ
376 785 433 850 τοὺς
448 783 620 862 ἀνῃρημένους
633 780 776 855 νομίζοντες
791 781 897 849 ἀδικεῖν,
910 779 957 837 κάν
973 784 1039 857 βρα-

265 874 313 953 χὺν
328 875 414 936 αὐτοῖς
428 871 466 929 ἐτι
477 870 567 948 χρόνον
577 868 737 940 ἐπιζήσωσι,
752 865 819 945 ταχὺ
833 866 879 942 μέν
889 865 935 935 τὴν
950 871 1040 933 κτῆσιν

239 963 371 1023 ιάπασαν
387 963 421 1025 εἷς
440 957 518 1016 ταύτὸ
535 955 719 1031 συιρεύσαντες,
732 961 784 1033 πῦρ
798 956 833 1019 εἷς
850 954 929 1023 αὐτὴν
946 951 1039 1009 ἐνέῦα-

267 1052 320 1118 λον,
334 1046 422 1125 κλήρῳ
448 1045 470 1103 δ’
493 1044 519 1110 ἐξ
535 1045 619 1100 αὑτῶν
637 1042 753 1117 ἑλόμενοι
765 1041 827 1098 δέκα
847 1040 904 1105 τοὺς
920 1039 1040 1096 ἁπάντων

267 1144 373 1215 σφαγεῖς
393 1132 543 1208 ἐσομένους,
566 1130 610 1187 καὶ
630 1129 731 1206 γυναικί
745 1152 782 1193 τις
805 1128 881 1185 αὑτὸν
896 1126 941 1184 καὶ
965 1125 1040 1183 παισί

266 1222 391 1298 κειμένοις
402 1216 592 1298 παραστρώσας
605 1217 650 1273 καὶ
664 1214 711 1281 τάς
724 1218 812 1294 χεῖρας
826 1213 973 1294 περιόαλδιν
987 1237 1039 1269 πα-

258 1318 351 1385 ρτῑχον
362 1306 478 1381 ἑτοίμους
485 1304 530 1368 τδις
542 1303 642 1382 σφαγάς
650 1304 702 1369 τοῖς
711 1304 758 1372 τὴν
768 1303 891 1371 δύστηνον
899 1300 1040 1377 ὑπουργίαν

228 1414 253 1451 ιο
267 1396 420 1452 ἐκτελοῦσιν.
461 1395 497 1451 Οἱ
509 1392 536 1449 δέ
551 1392 679 1468 ἀτρέστως
697 1393 796 1456 πάντας
820 1388 986 1470 φονεύσαντες
998 1386 1040 1444 τδν

267 1481 341 1539 αὐτόν
354 1483 393 1539 ἐπ’
410 1479 530 1548 ἀλλήλοις
543 1484 588 1536 τοῦ
601 1478 697 1555 κλήρου
708 1476 784 1552 νόμον
796 1476 904 1555 ὥρισαν,
917 1473 951 1532 ἐν’
966 1478 979 1531 ὁ
993 1476 1039 1531 λα-

266 1569 319 1647 χὼν
332 1567 392 1633 τοὺς
404 1566 475 1624 ἐννέα
485 1564 586 1630 κτείνας
600 1562 690 1621 ἑαυτὸν
705 1564 748 1622 ἐπί
765 1573 843 1621 πᾶσιν
860 1561 947 1639 ἀνελη.
971 1560 1040 1620 Πάν·

266 1681 307 1721 τες
318 1655 397 1721 οὑτως
412 1654 533 1734 ἐθάρρουν
548 1656 646 1718 ἑαυτοῖς
661 1651 722 1728 μήτ’
738 1653 773 1717 εἷς
787 1650 816 1708 τδ
834 1652 896 1729 δρᾶν
921 1650 981 1725 μήτ’
1007 1651 1042 1715 εἰς

266 1744 295 1801 τδ
305 1747 394 1801 παθεῖν
413 1742 490 1806 ἄλλος
512 1740 591 1797 ἀλλον
606 1738 743 1818 διαφέτειν.
788 1739 841 1797 Καί
865 1736 936 1801 τέλος
955 1740 978 1794 οἱ
995 1734 1041 1811 μέν

227 1852 254 1893 lt
266 1828 311 1895 τδις
324 1829 423 1907 σφαγὰς
444 1828 580 1902 ὑπέθεσαν,
597 1830 610 1883 θ
631 1828 655 1883 δ’
669 1773 704 1891 είς
715 1825 759 1883 καὶ
770 1829 915 1889 τελευταῖος
932 1824 962 1880 τὸ
974 1824 1039 1891 nbi·

266 1922 307 1982 θος
323 1922 372 1974 τῶν
384 1915 507 1992 κειμένων
519 1914 702 1993 περιαθρήσας,
715 1917 751 1989 μή
763 1910 811 1971 πού
823 1936 859 1978 τις
870 1911 907 1969 ἔτι
916 1914 942 1968 ἐν
952 1912 1041 1989 πολλῷ

266 2001 334 2082 φόνῳ
352 2008 398 2073 τῆς
416 2004 494 2059 αὑτοῦ
515 2000 631 2057 λείπεται
651 2001 737 2079 χειρὸς
758 1999 892 2074 δεόμενος,
920 2000 954 2063 ὡς
976 1996 1040 2073 ἔγνω

266 2088 365 2155 πάντας
384 2087 572 2166 ἀνῃρημένους,
584 2092 637 2166 πῦρ
650 2086 696 2162 μέν
711 2088 762 2152 τοῖς
782 2085 921 2163 βασιλείοις
935 2085 1040 2155 ἐνίησιν,

266 2175 346 2254 ἀθρόᾳ
361 2176 388 2232 δὲ
400 2181 432 2254 τῇ
444 2174 512 2255 χειρί
530 2175 562 2231 δι’
578 2178 655 2230 αὑτοῦ
666 2182 718 2229 πᾶν
731 2172 827 2238 ἐλάσας
844 2173 874 2229 τὸ
886 2172 954 2250 ξίφος
972 2174 1039 2242 πλη-

225 2282 253 2322 αο
266 2264 320 2319 σίον
344 2265 395 2318 τῶν
410 2260 509 2318 οἰκείων
522 2260 659 2320 κατέπεσε.
704 2260 755 2319 Καὶ
773 2262 796 2317 el
814 2259 860 2334 μὲν
873 2257 1041 2327 ἐτεθνήκεσαν

266 2347 432 2428 ὑπειληφότες
449 2347 522 2407 οὐδὲν
547 2347 605 2426 ἔχον
630 2350 717 2427 ψυχὴν
741 2347 886 2426 ὑποχείριον
911 2346 936 2413 ἐξ
956 2348 1040 2401 αὐτῶν

265 2434 405 2513 Ῥωμαίοις
416 2437 581 2504 καταλιπεῖν,
596 2434 672 2491 ἔλαθε
696 2433 722 2491 δέ
748 2434 813 2507 γυνὴ
836 2433 974 2512 πρεσθῦτις
997 2433 1041 2489 καί

265 2522 389 2600 συγγενὴς
400 2522 476 2602 ἑτέρα
490 2547 527 2588 τις
549 2522 724 2600 Ἐλεαζάρου,
738 2520 859 2600 φρονήσει
875 2523 921 2577 καὶ
935 2518 1040 2595 παιδεία

265 2610 391 2667 πλείστων
402 2614 528 2685 γυναικῶν
546 2608 714 2689 διαφέρουσα,
731 2608 776 2665 καὶ
792 2606 867 2665 πέντε
885 2606 976 2663 παιδία
990 2607 1041 2670 τοῖς

227 2715 253 2777 aa
267 2696 415 2771 ὑπονόμοις,
429 2696 453 2754 οἳ
471 2696 549 2753 ποτδν
565 2688 627 2772 ἦγον
643 2698 710 2774 ὕδωρ
723 2694 765 2752 διὰ
779 2700 839 2769 γῆς,
851 2692 1042 2770 ἐγκατακρυόῆ-

267 2806 322 2854 ναι,
336 2789 387 2841 τῶν
406 2784 490 2841 σίλλων
505 2782 610 2862 πρδςτῇ
626 2787 712 2861 σφαγῇ
727 2780 772 2847 τὰς
793 2782 903 2845 διανοίας
920 2779 1041 2857 ἐχόντων,

269 2868 293 2927 οἳ
308 2870 350 2927 τδν
363 2871 471 2949 α’ριθμδν
488 2862 556 2940 ἦσαν
576 2868 698 2937 ἐξήκοντα
721 2868 782 2945 πρὸς
801 2876 854 2932 τοῖς
874 2866 1041 2939 ἐννακοσίοις,

267 2960 394 3031 γυναικῶν
413 2956 469 3030 ἅμα
495 2956 540 3013 καὶ
560 2956 658 3012 παίδοιν
680 2957 765 3021 αὑτοῖς
784 2954 1038 3032 συναριθμουμένων.

269 3045 321 3101 Καὶ
351 3044 380 3101 τὸ
407 3043 488 3111 πάθος
518 3043 636 3122 ἐπράχθη
666 3042 882 3119 πεντεκαιδεκάτη
909 3046 1039 3101 Ξανθικοῦ

227 3154 254 3191 :lu
269 3131 357 3205 μηνός.

309 3216 403 3292 (AG.)
419 3217 453 3292 β’.
472 3218 506 3275 Ol
519 3215 545 3273 δέ
557 3216 684 3292 Ῥωμαῖοι
695 3216 783 3295 μάχην
795 3215 833 3274 ἔτι
850 3218 1041 3295 προσδοκῶντες

266 3302 316 3359 ὑπὸ
328 3300 373 3371 τὴν
383 3304 416 3360 ἔω
427 3303 667 3377 διασκευασάμενοι,
676 3302 719 3361 καί
731 3304 775 3368 τδις
787 3301 838 3361 διπδ
850 3308 900 3361 τῶν
909 3306 1040 3382 χυιμάτοιν
1067 3300 1068 3305 ’

267 3390 373 3469 ἐφόδους
399 3390 457 3455 ταῖς
480 3390 631 3469 ἐπιόάθραις
655 3390 865 3470 γεφυρώσαντες,
891 3392 1039 3468 προσόολὴν

265 3477 376 3536 ἐποίουν.
418 3476 560 3543 Βλέποντες
584 3479 606 3535 δ’
623 3478 714 3535 οὐδένα
735 3482 786 3535 τῶν
807 3478 950 3553 πολεμίων,
973 3480 1040 3536 ἀλλὰ

226 3585 251 3623 σι
267 3564 349 3632 δεινὴν
363 3563 523 3641 πανταχόθεν
536 3564 656 3641 ἐρημίαν,
671 3564 716 3621 καὶ
728 3569 780 3640 πῦρ
790 3562 861 3621 ἔνδον
875 3565 919 3621 καὶ
929 3565 1039 3636 σιωπὴν,

265 3648 367 3728 ἀπόρως
377 3639 447 3726 εἶχον
462 3650 491 3706 τὸ
511 3650 612 3725 γεγονὸς
630 3649 790 3723 συμόαλιῖν·
811 3649 855 3707 καί
869 3652 940 3715 τέλος
956 3655 992 3715 ὡς
1003 3654 1037 3716 εἰς

233 3803 236 3807 ¹
265 3735 1040 3815 ἀφεσινβολῆς-ηλάλαξαν,είτινατῶνένδονπροκαλέσαιντο.

265 3825 320 3890 Τῆς
331 3822 358 3878 δέ
379 3827 439 3899 βοῆς
453 3822 570 3892 αἴσθησις
590 3823 687 3897 γίνεται
700 3832 752 3888 τοῖς
767 3826 898 3900 γυναίοις,
920 3828 972 3883 κάκ
989 3830 1039 3883 τῶν

265 3908 401 3983 ὑπονόμων
423 3910 550 3967 ἀναδῦσαι
571 3908 600 3966 τὸ
621 3909 744 3986 πραχθὲν,
765 3914 799 3975 ὡς
823 3903 893 3989 εἶχε,
907 3915 969 3990 προς
983 3914 1040 3980 τοὺς

225 4018 252 4055 tu
265 3994 412 4070 Ῥωμαίους
431 3995 555 4069 ἐμήνυον,
570 3995 656 4051 πάντα
671 4001 715 4064 τῆς
729 3997 815 4071 ἐτέρας
844 4002 878 4062 ὡς
901 3998 995 4076 ἐλέχθη
1012 4024 1039 4056 τε

264 4080 309 4137 καί
325 4080 382 4138 τίνα
397 4081 490 4157 τρόπον
505 4081 624 4159 ἐπράχθη
640 4086 726 4161 σαφῶς
746 4082 956 4159 ἐκδιηγουμένης.
999 4090 1039 4143 Οὐ

265 4168 317 4245 μὴν
330 4168 422 4249 ῥαδίως
436 4171 501 4247 αὐτῇ
519 4178 658 4248 προσεῖχον
670 4173 707 4248 τῷ
723 4173 825 4245 μεγέθει
838 4177 883 4227 τοῦ
898 4171 1038 4248 τολμήμα-

264 4280 305 4321 τος
318 4259 498 4328 ἀιιιστοῦντες,
514 4255 661 4335 ἐπεχείρουν
673 4279 701 4313 τε
713 4254 742 4313 τὸ
760 4260 811 4335 πῦρ
831 4256 981 4333 σύεννύναι,
995 4259 1039 4315 καὶ

263 4343 363 4423 ταχέως
377 4344 434 4402 ὑδδν
450 4346 483 4402 δι’
506 4346 585 4401 αὑτοῦ
602 4342 722 4419 τεμόντες
739 4346 790 4401 τῶν
806 4345 943 4421 βασιλείυιν
971 4346 1039 4412 ἐντὸς

224 4450 249 4486 ιο
264 4429 387 4505 ἐγένοντο.
432 4429 485 4489 Καὶ
497 4434 534 4507 τῷ
553 4428 647 4498 πλήθει
665 4432 716 4485 τῶν
731 4430 929 4508 πεφονευμένων
951 4433 1038 4489 ἐπιτυ-

262 4518 363 4595 χόντες,
374 4521 421 4596 οὐχ
432 4522 465 4583 ὡς
479 4518 522 4574 ἐπὶ
531 4517 664 4592 πολεμίοις
677 4516 805 4589 ἥσθησαν,
820 4518 867 4588 τὴν
885 4518 911 4575 δέ
924 4520 1038 4594 γενναιό-

263 4628 329 4674 τητα
347 4612 392 4663 τοῦ
408 4605 581 4682 βουλεύματος
596 4605 641 4661 καί
663 4605 710 4674 τὴν
723 4609 749 4661 ἐν
769 4604 897 4671 τοσούτοις
912 4606 1038 4687 ἄτρεπτον

264 4693 368 4749 ἐπὶτῶν
382 4695 462 4771 ἔργων
478 4693 630 4770 ἐθαύμασαν
641 4698 686 4751 τοῦ
701 4694 810 4751 θανάτου
822 4694 1024 4774 καταφρόνησιν.

578 4826 666 4885 liet».
684 4824 720 4885 l'.

303 4946 432 5019 Τοιαύτης
452 4949 479 5006 δὲ
495 4956 541 5022 τῆς
562 4952 684 5019 ἁλώσεως
706 4952 846 5029 γενομένης
867 4952 912 5011 ἐπί
931 4951 978 5030 μέν
993 4960 1037 5012 τοῦ

225 5063 252 5100 ω
264 5034 386 5117 φρουρίου
407 5036 559 5094 καταλείπει
579 5041 698 5117 φυλακὴν
713 5044 727 5097 θ
740 5040 898 5118 στρατηγὸς,
921 5040 996 5106 αὐτὸς
1011 5041 1037 5098 δὲ

266 5122 332 5200 μετδι
352 5126 399 5191 τῆς
419 5122 551 5198 δυνάμεως
568 5128 682 5195 ἀπῆλθεν
703 5130 738 5191 εἷς
760 5127 929 5205 Καισάρειαν.
970 5125 1037 5185 Οὐδὲ

265 5211 316 5289 γάρ
335 5209 488 5268 ὑπελείπετό
507 5234 545 5275 τις
565 5214 615 5267 τῶν
635 5210 702 5270 κατά
724 5212 770 5281 τὴν
790 5213 879 5291 χώραν
893 5213 1036 5290 πολεμίοιν,

1062 2284 1066 2395 l

1086 705 1115 752 iis
1124 716 1178 766 quae
1191 706 1355 764 perpetrarunt
1365 716 1410 751 non
1421 702 1469 763 iam
1483 703 1598 761 ferentes,
1611 707 1635 751 el
1646 704 1774 753 interiectus
1785 706 1841 754 lasus

1085 805 1261 862 existimantes,
1279 804 1298 851 sl
1314 803 1351 851 vel
1364 804 1528 851 brevissimum
1541 808 1637 864 lemnus
1646 804 1680 853 eis
1697 806 1767 852 iurent
1779 820 1842 867 srrqrer·

1086 906 1166 963 seiles,
1178 905 1257 951 sialim
1270 903 1375 966 quidem,
1386 918 1460 965 quum
1473 918 1530 965 opes
1542 905 1666 952 universas
1681 908 1841 967 mrigessissenl,

1086 1008 1164 1067 iguem
1180 1005 1215 1052 eia
1227 1004 1345 1064 injiciunt,
1356 1008 1380 1050 el
1394 1002 1475 1051 decern
1491 1004 1547 1051 uiris
1559 1010 1625 1051 sorte
1635 1003 1730 1051 delectis
1744 1018 1756 1051 a
1771 1004 1842 1065 quibus

1085 1118 1168 1153 omnes
1176 1108 1343 1161 mactarentur,
1351 1116 1426 1163 quum
1436 1101 1521 1163 singuli
1534 1116 1560 1151 se
1568 1102 1637 1162 juxta
1646 1102 1753 1161 conjuges
1764 1116 1787 1151 ac
1796 1104 1841 1151 libr·

1086 1218 1124 1253 ros
1144 1203 1209 1252 liumi
1219 1204 1325 1265 jacentes
1337 1204 1535 1265 prostravissent,
1551 1215 1642 1263 eosque
1655 1204 1805 1262 complexibus
1815 1208 1841 1253 le·

1086 1302 1207 1361 nuissent,
1220 1302 1270 1349 sine
1281 1300 1462 1361 morajugulum
1474 1299 1563 1348 dabant
1573 1299 1633 1357 illis,
1644 1300 1685 1361 qui
1697 1302 1796 1347 tuberum
1806 1300 1840 1347 rni-

1086 1398 1209 1446 nisterium
1221 1398 1327 1447 obibant.
1370 1399 1411 1447 isli
1423 1401 1517 1457 aulem,
1534 1396 1652 1459 intrepide
1660 1397 1748 1445 cunctis
1758 1399 1840 1453 occisis,

1072 1498 1183 1548 eundem
1194 1499 1264 1546 sor-lis
1276 1499 1350 1559 legem
1369 1499 1406 1547 alii
1425 1510 1479 1558 erga
1495 1498 1555 1547 alins
1567 1496 1715 1555 statuerunt,
1725 1500 1761 1553 ul,
1772 1498 1804 1543 eni
1823 1496 1840 1543 id

1085 1602 1147 1645 sorte
1157 1600 1282 1657 evenerat,
1293 1610 1378 1645 norem
1389 1597 1459 1644 sociis
1469 1596 1597 1644 interiectis
1610 1597 1685 1642 murel
1697 1607 1762 1655 super
1774 1607 1840 1640 nnrnes

1085 1695 1254 1745 occiderentur
1268 1709 1349 1743 omnes
1361 1694 1405 1744 sibi
1418 1693 1586 1751 colludebant,
1599 1698 1624 1741 ut
1638 1706 1712 1753 neque
1722 1694 1742 1738 in
1752 1688 1840 1738 eudendo

1086 1808 1162 1855 neque
1179 1795 1202 1842 in
1221 1793 1360 1843 sustinendo
1377 1793 1478 1843 facinore
1489 1793 1550 1841 elius
1565 1790 1604 1839 alii
1626 1796 1749 1852 praestaret.
1779 1793 1802 1837 tlt
1818 1788 1839 1835 ad

1086 1896 1218 1939 extremum
1235 1866 1306 1939 ceteri
1325 1890 1421 1952 quidem
1434 1890 1515 1951 jugula
1532 1895 1722 1953 seruposuerunl,
1732 1902 1786 1937 unus
1796 1901 1839 1935 rere

1086 1987 1152 2047 isque
1163 1986 1320 2045 norissimus,
1331 1985 1486 2035 mullitudine
1495 1984 1627 2046 jacentium
1640 1987 1807 2047 circunspecta,
1818 1998 1840 2031 ne

1086 2074 1139 2143 q'uis
1150 2082 1209 2141 [φιλο
1218 2080 1242 2129 in
1255 2080 1329 2129 mulla
1340 2080 1406 2129 caede
1416 2085 1553 2143 superesset
1562 2083 1604 2143 qui
1615 2095 1665 2130 snae
1677 2095 1756 2131 manns
1765 2087 1838 2141 egeret,

1087 2181 1111 2225 ut
1129 2177 1243 2226 intellexit
1255 2189 1337 2225 omnes
1356 2176 1459 2237 occisos,
1478 2176 1566 2237 regiam
1586 2177 1704 2237 incendit,
1716 2177 1784 2223 ualida
1797 2189 1840 2221 ren

1087 2287 1157 2321 manu
1169 2272 1254 2321 adacto
1263 2286 1303 2334 per
1312 2275 1388 2321 lolunr
1400 2286 1485 2334 corpus
1497 2286 1572 2333 ense,
1585 2286 1658 2335 prope
1670 2271 1809 2321 eumoccidit.
1819 2274 1838 2317 ll

1087 2369 1118 2416 illi
1132 2368 1227 2430 quidem
1236 2370 1364 2431 perierunt,
1373 2369 1430 2416 nibil
1441 2368 1562 2417 credentes
1575 2370 1677 2417 animam
1687 2368 1796 2415 babensei
1807 2379 1838 2411 nu·

1087 2476 1151 2511 utero
1162 2476 1205 2511 sno
1222 2464 1331 2513 Romanis
1347 2463 1469 2511 subditum
1486 2463 1611 2525 reliquisse
1629 2479 1634 2511 :
1653 2464 1839 2511 latnilanlrrnuna

1089 2558 1172 2605 nrulier
1182 2559 1307 2618 grandaera
1319 2561 1342 2608 el
1351 2558 1396 2606 alia
1406 2559 1514 2621 quaedam
1525 2559 1630 2607 Eleazari
1641 2564 1743 2619 cognatu,
1753 2556 1839 2603 ductum

1086 2658 1110 2699 et
1123 2653 1236 2713 sapientia
1246 2654 1364 2715 plerisque
1374 2654 1499 2703 mulierum
1510 2660 1641 2716 praestans,
1651 2659 1675 2703 et
1685 2654 1778 2715 quinque
1787 2648 1837 2710 queri

1089 2746 1111 2794 in
1122 2748 1252 2807 cuniculis,
1263 2750 1303 2811 qui
1316 2763 1402 2810 aquam
1419 2750 1464 2797 sub
1477 2754 1538 2798 terra
1552 2751 1620 2811 potui
1632 2749 1757 2805 ducebant,
1768 2746 1837 2799 abditi,

1086 2856 1159 2903 quum
1172 2843 1211 2892 ulii
1224 2844 1329 2893 cedibus
1348 2851 1475 2907 occupatas
1494 2851 1587 2897 mentes
1607 2844 1774 2904 baberenl,qui
1785 2843 1837 2887 erant

1088 2937 1224 2999 noningenti
1234 2952 1332 2989 numero
1344 2945 1368 2997 et
1379 2940 1500 3002 sexaginta
1513 2955 1569 2989 curn
1591 2940 1726 2990 mulieribus
1743 2936 1802 2985 simul
1817 2946 1836 2979 ur

1087 3035 1175 3093 queris.
1208 3040 1285 3096 Atque
1307 3036 1358 3085 baec
1378 3037 1499 3085 calamitas
1516 3038 1604 3087 accidit
1619 3038 1700 3099 quinto
1711 3034 1792 3083 declina
1807 3029 1836 3075 die

1085 3131 1196 3179 Xanllrici
1206 3133 1301 3181 mensis.

1117 3230 1383 3289 (blivilallomeni
1392 3234 1472 3281 aulem
1482 3233 1561 3281 adbuc
1570 3246 1671 3295 pugnam
1680 3228 1835 3291 exspectantes,

1086 3336 1155 3371 mene
1164 3324 1209 3372 sub
1219 3326 1291 3372 armis
1301 3327 1403 3385 stanles,
1415 3330 1438 3373 el
1449 3326 1479 3375 ab
1488 3327 1613 3387 aggeribus
1625 3328 1734 3375 scalarum
1746 3322 1834 3385 punribu

1083 3416 1186 3476 iunctis,
1204 3408 1319 3477 impeluni
1336 3416 1458 3465 iaciebant.
1476 3420 1556 3473 Qurrm
1573 3426 1651 3467 erilem
1666 3417 1761 3466 bostium
1777 3410 1834 3460 neuri-

1085 3518 1138 3555 nem
1157 3513 1291 3566 cernerent,
1306 3505 1347 3554 sed
1368 3506 1554 3569 circumquaque
1567 3521 1674 3567 magnam
1694 3502 1833 3555 solitudinem,

1085 3596 1208 3658 ignemque
1218 3596 1282 3645 inlus
1291 3601 1315 3645 el
1325 3597 1459 3659 silentium,
1471 3600 1525 3649 illos
1542 3601 1600 3661 quid
1614 3602 1700 3647 luctum
1709 3599 1765 3645 esset
1776 3590 1833 3649 rorrji·

1084 3700 1137 3735 cere
1158 3687 1273 3747 lngiebal;
1295 3688 1438 3750 tandemque
1453 3690 1583 3748 ululalum,
1603 3690 1666 3738 relnl
1685 3686 1712 3736 ad
1727 3682 1833 3745 inquisitu

1084 3776 1312 3837 arietis,dedernnl,
1323 3778 1420 3839 siquem
1431 3778 1490 3825 iorle
1498 3778 1726 3841 inlusprneocarenl.
1756 3774 1832 3821 clanm-

1084 3880 1133 3915 rem
1145 3874 1223 3917 aulem
1233 3874 1355 3918 senserunt
1364 3870 1524 3929 mulierculae,
1534 3876 1622 3931 elque,
1633 3866 1762 3919 ecuniculis
1772 3874 1833 3909 enter·

1085 3977 1133 4023 sae,
1146 3964 1233 4013 saelum
1246 3966 1357 4014 numanis
1368 3970 1394 4014 ul
1403 3968 1453 4014 erat
1462 3965 1610 4025 indicarunt,
1621 3966 1691 4013 ultera
1706 3972 1778 4009 earnm
1788 3968 1830 4013 ιιιιι·

1086 4054 1287 4105 lileronmiadicla
1294 4056 1532 4117 lueriutelquomudo
1539 4063 1603 4115 gesta
1612 4058 1716 4103 narrante
1723 4046 1831 4098 inanium.

1084 4148 1134 4194 Non
1149 4151 1226 4195 lumen
1245 4147 1312 4195 lucile
1333 4148 1365 4195 illi
1376 4146 1552 4207 auscultabant,
1562 4160 1636 4195 ansus
1654 4138 1791 4205 magnitudini
1804 4148 1831 4194 pt·

1085 4254 1137 4291 rum
1148 4242 1285 4303 credentes,
1298 4242 1424 4303 ignemque
1444 4243 1593 4303 exstinguere
1611 4242 1756 4293 conabantur,
1768 4239 1787 4281 el
1802 4242 1832 4291 qm·

1085 4332 1147 4381 lunc
1157 4338 1221 4381 secla
1232 4336 1270 4381 via
1281 4335 1328 4381 ello
1341 4333 1426 4395 regiani
1439 4334 1535 4394 ingressi
1552 4338 1616 4384 sunl.
1635 4338 1753 4391 Quumque
1764 4325 1784 4372 iu
1796 4332 1831 4367 ne·

1084 4438 1163 4473 sorum
1181 4424 1359 4473 mullitudinem
1373 4424 1526 4484 incidissent,
1539 4440 1587 4474 rrun
1605 4432 1630 4474 nt
1642 4426 1671 4473 de
1682 4422 1779 4473 tostinus
1788 4424 1831 4471 gau·

1083 4521 1122 4569 dio
1134 4521 1277 4581 gestiebant,
1288 4521 1328 4569 sed
1343 4534 1482 4581 generosum
1493 4521 1598 4571 virerum
1608 4522 1725 4571 consilium
1736 4516 1797 4571 inque
1806 4508 1831 4551 ¹⁰1

1083 4626 1195 4671 numero,
1205 4614 1246 4674 qui
1259 4612 1400 4673 inlrepldum
1411 4612 1504 4661 lacinus
1514 4618 1644 4675 patrarent,
1657 4608 1735 4659 retortis
1743 4602 1830 4681 cuntem

1084 4710 1150 4766 plum
1162 4708 1218 4752 surii
1229 4704 1348 4752 adrtllrali.

1299 4820 1382 4878 cun.
1404 4820 1441 4877 x.
1466 4818 1636 4894 (xxxvii.)

1113 4960 1184 5005 Facto
1193 4960 1272 5005 autem
1281 4955 1309 5005 ad
1323 4956 1386 5004 bunc
1393 4955 1490 5004 modum
1500 4956 1604 5017 excidio,
1614 4956 1638 5004 in
1649 4947 1740 5002 castello
1750 4938 1827 5003 quidem

1083 5043 1217 5105 presidium
1227 5042 1275 5091 drrx
1289 5042 1409 5103 relinquit,
1418 5042 1468 5104 inse
1478 5056 1534 5091 reru
1545 5058 1600 5092 curn
1609 5039 1708 5092 exercitu
1716 5034 1827 5083 cunerem

1083 5132 1201 5191 qur-useclus
1210 5134 1253 5178 esl.
1285 5132 1333 5178 llec
1340 5130 1401 5179 eninr
1412 5132 1539 5192 qnisquam
1549 5131 1667 5193 supererat
1676 5127 1699 5174 iu
1709 5122 1742 5170 illa
1750 5114 1826 5174 regione

1083 5218 1199 5276 lurslium,
1220 5216 1261 5266 sed
1276 5214 1324 5275 jem
1338 5218 1387 5265 lala
1408 5230 1435 5265 en
1457 5217 1518 5267 bellu
1540 5218 1608 5279 longo
1630 5214 1700 5265 luerat
1718 5205 1824 5257 sulllt'l'e'l»
