3825 6059
100 464 239 541 (ιοιυμοαο.)

97 602 254 678 παραχρῆμα
279 598 409 673 τολμήσαι
434 596 478 663 τάς
502 596 623 674 μηνύσεις
646 595 770 678 ἐκφέρειν,
797 596 865 655 ἀλλά

99 685 271 751 κατασκόπους
300 685 461 761 ὑποπέμπων
486 685 586 767 νύκτωρ
609 684 654 743 καί
680 686 735 762 μεθ’
755 685 865 764 ἡμέραν,

98 775 186 833 ἕκαστα
200 776 252 831 τῶν
273 770 490 852 πραττομένωνή
504 772 650 850 λεγομένων
670 771 804 851 διηρεύνα,
821 772 865 829 καὶ

96 859 147 926 τοὺς
158 862 183 917 έν
192 866 249 935 ταῖς
264 859 386 939 ὑποψίαις
401 858 490 924 εὐθέως
511 858 608 937 ἀνῄρει.
649 862 740 929 Δεινῆς
754 857 784 929 δή
803 861 864 916 ἀνο-

75 976 84 1011 5
97 947 151 1025 μίας
163 947 281 1018 ἐπλήσθη
293 945 323 1003 τὸ
343 946 484 1025 βασίλειον.
527 945 604 1006 Κατὰ
620 943 670 1025 γδρ
684 945 776 1025 ἔχθραν
794 944 811 1016 ή
825 954 866 1022 μί·

96 1060 133 1103 σος
153 1036 213 1094 ἴδιον
234 1033 343 1103 ἕκαστος
365 1037 479 1093 toleror
499 1034 545 1101 τδις
564 1034 703 1109 διαόολάς,
716 1036 760 1091 καί
775 1033 866 1092 πολλοί

96 1124 151 1203 πρὸς
163 1123 221 1189 robe
234 1123 369 1201 διαφόρους
383 1126 490 1203 φονῶντι
504 1127 541 1198 τῶ
557 1124 684 1201 βασιλικῷ
698 1126 771 1200 θυμῷ
787 1144 864 1179 κατε-

96 1214 194 1289 χρῶντο.
244 1210 296 1269 Καί
311 1209 340 1268 τδ
356 1209 403 1285 μέν
420 1211 511 1289 ψεῦδος
523 1200 577 1288 εἶχε
591 1213 755 1287 παραχρῆμα
767 1206 864 1280 πίστιν,

96 1300 119 1355 ci
131 1296 248 1362 κολάσεις
263 1294 289 1355 δὲ
303 1300 355 1354 τῶν
368 1296 495 1355 διαόολῶν
507 1288 574 1369 ήσαν
588 1296 728 1375 ὠκύτεραι.
772 1298 865 1367 Κατη-

65 1405 84 1443 tu
94 1384 180 1463 γόρητο
194 1390 258 1462 γοῦν
274 1408 312 1451 τις
325 1384 384 1463 ἄρτι
397 1384 580 1463 κατηγορήσας
599 1383 643 1441 καί
660 1388 697 1463 τῷ
708 1382 770 1462 πρὸς
786 1385 866 1441 αὑτοῦ
886 1434 890 1470 ,

546 449 596 519 DE
617 458 738 519 BELLO
758 456 838 518 JUD.
860 458 931 519 Lib.
954 461 977 518 l.
1000 463 1081 522 CAP.
1103 458 1193 534 XXV.

1375 436 1382 455 x
1482 468 1609 546 [rrs,ira.]
1650 481 1683 529 dl

914 608 956 657 ιίιιι
968 608 1053 658 indicia
1061 611 1084 657 in
1097 610 1200 659 medium
1210 610 1327 672 prolerre,
1341 610 1382 659 sed
1390 612 1549 672 exploratores
1562 617 1631 663 nocte
1640 614 1686 663 dtr·

912 710 959 758 qrre
969 697 1125 757 submittens,
1136 698 1227 759 singula
1239 710 1294 759 qrrae
1306 699 1366 746 lacta
1375 702 1442 747 erant
1451 698 1543 749 dictare
1553 705 1682 761 perscruta·

911 784 990 843 batur,
1002 798 1091 846 eosque
1113 785 1164 833 sine
1184 798 1250 833 niora
1266 786 1398 844 perimebat
1409 786 1432 833 io
1451 800 1512 847 qrros
1528 787 1622 837 caderet
1642 788 1688 835 ulla

911 871 1023 933 suspicio.
1058 876 1141 934 itaque
1161 872 1287 934 iniquitate
1297 873 1449 920 acerbissimo
1466 874 1555 934 repleta
1568 876 1684 934 estregia.

912 962 971 1008 tiam
991 970 1034 1020 pro
1052 960 1103 1007 suis
1119 959 1221 1021 qriiaque
1239 959 1369 1008 inimicitiis
1386 959 1422 1007 vel
1434 958 1489 1007 odio
1500 960 1630 1009 calumnias
1646 961 1688 1009 iu·

912 1059 981 1104 aere,
996 1046 1113 1107 coraliique
1122 1046 1182 1106 regis
1193 1046 1313 1094 iracundia
1326 1046 1398 1093 caedis
1409 1047 1496 1108 cupida
1505 1051 1586 1096 contra
1604 1047 1688 1096 adver·

913 1132 989 1181 serios
997 1133 1166 1181 abutebantur.
1200 1130 1232 1182 Et
1243 1132 1372 1191 mendaciis
1384 1134 1482 1193 quidem
1497 1133 1564 1183 iaciie
1579 1134 1689 1183 credeba-

911 1216 1153 1278 tur,‚sapplieiavero
1171 1218 1272 1266 celerius
1283 1217 1378 1267 luebant
1389 1234 1460 1281 quana
1480 1221 1548 1268 tactu
1560 1226 1627 1269 eraut
1643 1222 1688 1267 rri-

911 1304 1060 1353 minationes.
1093 1304 1199 1366 Denique
1214 1306 1371 1354 accusabatur
1382 1308 1422 1367 qui
1432 1307 1503 1355 modo
1518 1314 1686 1362 accusaverat,

910 1394 935 1439 et
946 1404 1002 1441 eum
1010 1391 1087 1453 ecqui
1096 1391 1127 1439 ab
1136 1392 1188 1453 ipso
1199 1392 1323 1440 convictus
1332 1396 1382 1440 erat
1393 1392 1422 1440 ad
1431 1406 1525 1454 paenam
1534 1393 1667 1441 ducebatur
1681 1414 1687 1442 z

95 1470 258 1551 διελεγχθέντι
273 1470 446 1548 συναπήγετο.
487 1470 542 1538 Τδις
555 1469 605 1549 γὰρ
620 1469 746 1539 ίξετάσεις
760 1475 806 1529 τοῦ
817 1474 865 1547 βα·
884 1480 891 1557 ¹,
910 1492 965 1527 narn
977 1480 1105 1540 quominus
1115 1480 1259 1541 questiones
1269 1482 1377 1528 accurate
1390 1480 1534 1531 baberentur
1544 1481 1689 1543 impediebat

94 1558 198 1625 οιλίωςὺ
211 1557 274 1638 περί
287 1561 333 1627 τῆς
342 1560 428 1637 ψυχῆς
441 1558 556 1626 κίνδυνος
566 1556 731 1634 ὑπετέμνετο.
756 1556 865 1637 Προύόη

94 1643 116 1702 δέ
127 1647 160 1711 είς
172 1650 295 1703 τοσοῦτον
310 1644 414 1723 πικρίας
428 1648 461 1710 ὡς
469 1645 536 1721 μηδὲ
548 1650 599 1703 τῶν
614 1646 806 1705 ἀκαταιτιάτων
815 1644 864 1703 τινὶ

93 1730 262 1812 apriliaco
275 1731 392 1812 ἡμέρως,
414 1722 480 1791 ε’ίναι
499 1730 526 1791 δέ
547 1733 592 1791 καί
607 1732 659 1799 τοῖς
673 1732 755 1813 φίλοις
768 1732 865 1802 ἀπηνέ-

64 1838 186 1881 ιιστατος.
235 1821 346 1885 Πολλοῖς
366 1826 427 1896 γοῦν
443 1822 528 1877 αὐτῶν
551 1820 646 1879 ἀπεῖπε
669 1820 700 1876 τὸ
722 1818 865 1896 βασίλειον·

97 1906 206 1987 καὶπρὸς
217 1906 262 1972 οθς
278 1908 325 1965 οὐκ
337 1896 391 1985 εἶχε
404 1906 490 1985 χειρὸς
503 1904 631 1979 ἐξουσίαν,
649 1910 686 1985 τῷ
700 1906 770 1987 λόγῳ
783 1908 866 1985 χαλε-

95 1992 136 2058 πὸς
145 1984 185 2063 ήν.
206 1992 345 2063 Ἰἰπανέόη
358 1992 385 2051 δὲ
398 1992 563 2072 Ἀντίπατρος
575 1996 600 2051 ἐν
607 1997 663 2059 ταῖς
673 1998 817 2074 συμφοραῖς
823 1993 866 2053 Ἀ-

96 2078 234 2161 λεξάνδρῳ,
247 2080 292 2138 καί
307 2082 393 2161 στῖφος
406 2080 517 2151 ποιήσας
530 2084 580 2139 τῶν
595 2084 724 2159 συγγενῶν
740 2084 786 2141 οὐκ
798 2082 866 2139 ἔστιν

97 2166 176 2236 ἥντινα
203 2167 330 2239 διαὸολὴν
356 2168 494 2247 παρέλιπε.
539 2168 664 2249 Προήχθη
690 2166 720 2246 γε’
746 2192 785 2227 τοι
804 2170 867 2249 πρὸς

66 2259 205 2314 ευτοσοῦτον
223 2254 305 2321 δέους
324 2258 337 2312 ὑ
357 2252 479 2333 βασιλεὺς
497 2254 547 2313 ὑπὸ
563 2259 608 2327 τῆς
629 2254 761 2335 τερατείας
785 2258 864 2314 αὐτοῦ

96 2339 190 2399 καὶτῶν
205 2340 406 2419 συνταγμάτων,
421 2338 488 2399 ὥστε
505 2340 639 2423 ἐφιστάναι
648 2343 730 2400 δοκεῖν
741 2343 811 2421 αὐτῷ
823 2341 867 2400 τδν

96 2426 252 2509 Ἀλέξανδρον
279 2426 383 2509 ξιφήρη.
426 2428 571 2487 Συλλαόών
593 2433 653 2506 γοῦν
675 2426 751 2486 αὖτδν
777 2427 866 2497 ἔδησεν

97 2514 227 2587 ἐξαπίνης,
244 2516 291 2575 καί
304 2517 366 2593 πρὸς
380 2514 492 2594 βάσανον
511 2515 603 2595 ἐχώρει
617 2519 667 2573 τῶν
683 2515 763 2596 φίλων
776 2518 864 2576 αὑτοῦ.

96 2604 212 2680 Σιγῶντες
230 2604 257 2662 δὲ
272 2603 434 2675 ἀπέθνησκον
451 2602 474 2664 ci
488 2604 581 2662 πολλοὶ
601 2603 646 2661 καί
660 2602 740 2679 μηδὲν
756 2602 822 2684 ὑπὲρ
838 2604 868 2661 τὸ

66 2690 197 2758 εεσυνειδδς
214 2690 339 2757 εἰπόντες·
361 2694 384 2751 οἱ
406 2691 432 2749 δὲ
454 2691 505 2749 ὑπὸ
527 2694 578 2749 τῶν
596 2689 744 2769 ἀλγηδόνων
766 2691 865 2771 ψεύσα-

98 2783 148 2835 σθαι
163 2780 311 2856 βιασθέντες
326 2778 412 2857 ἔλεγον
431 2781 465 2845 ὡς
488 2778 648 2837 ἐπιόουλεύοι
661 2802 690 2836 τε
711 2782 781 2859 αὐτῷ
800 2777 866 2855 μετδι

98 2862 282 2943 Ἀριστοόούλου
300 2872 345 2924 τοῦ
361 2866 487 2943 ἀδελφοῦ,
510 2866 555 2924 καί
578 2865 774 2947 παραφυλάττοι
788 2890 866 2937 κυνη-

99 2958 180 3028 γοῦντα
190 2954 295 3020 κτείνας
307 2956 343 3021 είς
357 2952 466 3030 Ῥώμην
479 2955 633 3032 ἀποδρᾶναι.
674 2951 797 3031 Τούτοις,
808 2952 866 3011 καί·

99 3044 180 3117 περοθ
200 3044 319 3107 πιθανοῖς
342 3031 423 3111 ούσιν,
451 3041 508 3098 ἀλλ’
528 3040 578 3097 ὑπὸ
596 3045 641 3109 τῆς
661 3039 775 3117 ἀνάγκης
795 3043 867 3118 ἔσχε·

69 3127 249 3200 ιυδιασμένοις,
274 3133 287 3185 ὑ
302 3126 422 3207 βασιλεὺς
436 3126 568 3185 ε’πίστευεν
582 3125 678 3197 ἡδέως,
698 3126 866 3206 παραμυθίαν

18 3284 19 3289 ¹
96 3214 229 3289 λαμόάνων
243 3221 289 3273 τοῦ
302 3216 380 3287 δῆσαι
392 3213 539 3271 obruituri
554 3210 591 3288 μὴ
608 3212 690 3269 δοκεῖν
703 3211 806 3279 ἀδίκως.

384 3346 474 3403 litu.
499 3342 565 3403 ita‘.

129 3478 158 3539 ‘0
169 3480 193 3538 ii
203 3479 378 3559 Ἀλέξανδρος,
389 3479 444 3537 ἐπεί
454 3478 496 3537 τὀν
510 3478 609 3559 πατέρα
622 3476 783 3555 μεταπείθειν
798 3477 866 3555 ἀμή·

18 3614 19 3619 ,
100 3588 170 3643 χανον
186 3567 273 3645 ἑώρα,
294 3568 347 3633 τοῖς
370 3568 459 3633 δεινοῖς
479 3564 558 3641 ὁμόσε
579 3572 673 3659 χωρεῖν
698 3564 801 3643 διέγνω·
821 3564 865 3623 καί

98 3653 214 3733 τέτταρας
225 3654 294 3713 κατὰ
302 3656 353 3711 τῶν
363 3656 459 3731 ἐχθρῶν
471 3652 575 3731 βίόλους
585 3651 773 3728 συνταξάμενος
784 3674 863 3733 προσ·

66 3764 86 3803 σε
96 3742 212 3819 ωμολόγει
230 3741 276 3816 μὲν
290 3738 337 3811 τήν
352 3740 502 3811 ἐπιὸουλήν,
516 3738 651 3805 κοινωνοὺς
671 3739 697 3796 δὲ
716 3740 864 3799 ἀπεδείκνυε

96 3828 145 3894 τοὺς
158 3830 295 3894 πλείστους
316 3830 412 3903 αὐτῶν,
429 3827 479 3907 πρθ
498 3826 524 3885 δὲ
543 3827 647 3885 πάντων
667 3826 797 3909 Φερώραν
815 3828 861 3885 καί

18 3934 20 3999 ᾗ
91 3915 233 3992 Σαλώμην·
253 3916 352 3986 ταύτην
377 3914 427 3995 γὰρ
457 3912 487 3984 δή
509 3914 553 3972 καί
573 3914 681 3991 μιγῆναί
708 3938 771 3973 ποτε
795 3918 865 3996 αὐτῷ

18 4002 19 4019 ³
98 4001 129 4076 μή
145 4003 257 4077 θέλοντι,
275 4003 377 4082 νύκτωρ
391 4000 605 4078 εἰσόιασαμένην.
628 4001 665 4062 Αἵ
677 4024 704 4059 τε
716 3994 765 4059 ὀὖν
782 4001 865 4081 βίόλυι

98 4097 211 4169 παρῆσαν
225 4094 261 4158 είς
274 4099 365 4169 χεῖρας
381 4088 502 4170 Ἡρώδη,
524 4088 608 4147 πολλὰ
634 4088 678 4146 καί
700 4090 771 4146 δεινὰ
798 4088 865 4148 κατδι

68 4204 87 4242 η
97 4180 140 4234 τῶν
158 4181 270 4237 δυνατῶν
295 4182 409 4257 βοῶσαι,
432 4177 477 4235 καί
500 4176 542 4235 διὰ
562 4175 657 4255 τάχους
679 4179 714 4242 εἷς
737 4176 864 4237 Ἰουδαίαν

98 4262 226 4344 Ἀρχέλαος
240 4270 402 4347 ἀφικνεῖται,
425 4265 485 4343 περί
501 4268 538 4344 τῷ
548 4263 667 4345 ,γαμόρῷ
680 4264 725 4323 καί
743 4268 775 4343 τῇ
790 4270 866 4343 θυγα-

99 4351 133 4428 τρὶ
147 4352 239 4420 δείσας.
281 4352 386 4414 Γίνεται
412 4352 439 4411 δὲ
460 4352 550 4431 βοηθὸς
574 4354 660 4417 αὐτοῖς
681 4352 753 4429 μάλα
766 4376 866 4430 προμη·

97 4437 148 4512 big,
162 4439 206 4495 καί
220 4438 299 4519 τέχνῃ
314 4438 361 4509 τήν
375 4444 420 4497 τοῦ
431 4438 558 4517 βασιλέως
569 4437 677 4508 ἀπειλήν
688 4438 864 4518 διεκρούσατο.

98 4526 236 4600 tractatio
248 4527 299 4607 γδιρ
316 4524 407 4590 εὐθέως
422 4528 509 4603 αὐτῷ,
523 4553 535 4579 α
551 4530 601 4583 ποῦ
615 4524 679 4584 ποτέ
692 4528 760 4583 ἐστιν
775 4530 789 4583 ὑ
804 4528 863 4584 ἀλι-

68 4636 106 4673 ιε·
118 4612 198 4692 τήριός
215 4639 263 4691 μου
282 4610 417 4692 γαμόρός;
435 4611 513 4669 ἐθόα·
535 4618 584 4669 ποῦ
605 4612 631 4669 δὲ
649 4610 696 4682 τήν
717 4612 864 4691 πατροκτό-

98 4723 156 4757 ινον
169 4702 266 4781 ὄψομαι
279 4697 406 4779 κεφαλήν,
421 4700 453 4771 ἣν
466 4704 522 4766 ταῖς
535 4702 647 4775 ἐμαυτοῦ
659 4702 734 4779 χερσί
750 4702 863 4758 διασπα-

97 4788 198 4864 εράξω;
210 4790 349 4870 προσθήσω
368 4788 395 4846 δέ
413 4788 458 4846 καὶ
469 4786 516 4857 τήν
532 4788 660 4868 θυγατέρα
673 4808 723 4862 μου
738 4792 775 4868 τῷ
792 4791 864 4867 καλῷ

98 4877 230 4957 ινυμφίῳ·
245 4876 289 4935 καί
314 4876 365 4956 γὰρ
384 4880 405 4934 εἰ
425 4874 462 4951 μή
484 4875 653 4947 κεκοινώνηκε
670 4882 715 4933 τοῦ
740 4875 862 4951 σκέμμα-

99 4984 175 5033 «τος,
195 4964 235 5021 ὅτι
256 4964 373 5023 τοιούτου
388 4962 477 5042 γέγονε
494 4963 573 5040 γυνὴ,
596 4962 746 5040 μεμίανται.
787 4967 863 5024 Θαυ-

69 5080 88 5117 op
99 5072 108 5097 ι
121 5051 189 5117 μέζω
202 5051 229 5110 δέ
243 5053 287 5111 καί
301 5052 330 5111 σὲ
341 5051 385 5111 τὸν
397 5051 610 5110 ἔπιόουλευθέντα
626 5056 671 5122 τῆς
689 5050 864 5123 ἀνεξικακίας,

99 5139 140 5192 «εἰ
154 5142 183 5215 ζῇ
199 5139 276 5219 μέχρι
288 5146 332 5197 νῦν
346 5140 520 5219 Ἀλέξανδρος.
562 5137 634 5215 Ἐγὼ
650 5138 701 5219 γὰρ
717 5139 865 5217 ἠπειγόμην

101 5225 169 5281 mini
184 5226 389 5304 Καππαδοκίας,
410 5232 445 5293 tre
461 5228 505 5285 τὸν
527 5224 705 5309 μὲνεὺρήσων
721 5228 804 5285 πάλαι
820 5232 861 5288 δε-

911 1565 967 1613 ritae
975 1564 1102 1614 discrimen
1109 1566 1172 1628 quod
1183 1579 1223 1614 rex
1232 1566 1331 1615 seadire
1340 1568 1448 1629 putabat.
1465 1568 1688 1618 anuteniacerbi·

911 1652 966 1701 tatis
978 1652 1105 1713 processit,
1118 1657 1145 1701 ut
1154 1653 1273 1701 neminem
1284 1653 1321 1701 vel
1330 1666 1429 1703 vacuum
1437 1654 1603 1716 culpaplacido
1621 1656 1688 1704 rolin

911 1740 1049 1797 intueretur,
1058 1740 1108 1788 imo
1114 1746 1137 1787 et
1145 1740 1227 1789 arnicis
1237 1740 1339 1789 crudelis
1349 1745 1412 1789 esset
1422 1744 1447 1790 et
1455 1742 1607 1790 inhumanus.
1640 1746 1688 1790 lta·
1778 1784 1782 1792 ,

912 1840 958 1889 qrie
970 1827 1064 1875 illorum
1078 1828 1160 1876 multis
1171 1828 1235 1888 regia
1247 1828 1381 1890 interdixit,
1392 1831 1417 1878 ei
1429 1842 1491 1890 quos
1503 1843 1572 1877 manu
1590 1829 1688 1878 leriendl

911 1918 1052 1977 potestatem
1068 1928 1115 1964 non
1131 1914 1247 1974 babebat,
1259 1928 1301 1964 eos
1318 1916 1397 1963 verbis
1416 1915 1520 1976 petebat.
1555 1915 1689 1966 Alexandro

911 2004 991 2049 antem
999 2002 1023 2051 in
1034 2001 1215 2051 rnaliainatabat
1229 2004 1361 2063 Antipater,
1372 2000 1482 2065 iactaque
1493 2004 1625 2065 agmineex
1636 2016 1688 2051 cun

911 2089 1059 2150 sanguineis,
1080 2088 1140 2138 nibil
1152 2089 1236 2152 reliqui
1255 2090 1357 2139 iaciebat
1366 2088 1430 2150 quod
1444 2090 1535 2139 crimini
1546 2095 1637 2138 vertere
1648 2104 1687 2151 po·

912 2176 969 2226 tuit.
1002 2178 1075 2238 Atqui
1095 2190 1124 2226 eo
1137 2176 1369 2239 timorisperductos
1387 2180 1425 2226 eat
1442 2190 1484 2225 rex
1503 2190 1532 2225 ex
1546 2177 1688 2239 prodigiosis

912 2265 1028 2325 Antipatri
1040 2264 1208 2326 sociorumque
1218 2264 1271 2325 eius
1280 2264 1423 2323 mendaciis,
1433 2270 1462 2313 ut
1474 2264 1556 2313 ridere
1565 2264 1687 2312 rideretur

913 2350 1072 2400 Alexandrum
1085 2352 1169 2400 stricto
1180 2350 1258 2412 gladio
1265 2351 1311 2400 sibi
1321 2352 1453 2400 imminere.
1487 2356 1540 2410 Quo
1550 2351 1638 2399 lactura
1649 2357 1686 2399 est

914 2442 940 2485 ut
949 2438 1148 2499 comprehensum
1162 2437 1243 2486 atatim
1255 2437 1280 2487 io
1296 2438 1390 2487 rincnia
1407 2438 1536 2500 conjiceret
1546 2440 1570 2487 et
1582 2436 1613 2485 ad
1624 2451 1689 2499 qum·

912 2524 1012 2573 ationem
1033 2525 1058 2572 in
1079 2526 1132 2586 ejus
1152 2525 1243 2573 amicos
1252 2525 1377 2574 tormentis
1389 2524 1522 2575 bibendam
1538 2524 1685 2587 procedure
1767 2583 1769 2587 Ι

912 2612 1010 2661 l‘lnrimi
1031 2615 1110 2661 autem
1132 2612 1197 2660 taciti
1221 2611 1381 2660 moriebantur
1405 2614 1430 2661 ct
1449 2611 1509 2661 niiril
1531 2612 1613 2661 contra
1632 2624 1689 2661 con·

913 2700 1035 2748 scientiam
1052 2700 1159 2762 eloqauti
1170 2714 1176 2747 ι
1189 2699 1229 2748 alii
1240 2712 1298 2748 iero
1309 2712 1359 2759 prrc
1368 2699 1490 2748 doloribus
1503 2699 1598 2751 mentiri
1610 2700 1685 2747 eoacti

913 2786 1026 2837 dicebant
1036 2787 1095 2849 patri
1110 2786 1140 2835 ab
1156 2800 1186 2836 eo
1196 2800 1252 2835 curu
1273 2787 1343 2835 tratre
1362 2787 1499 2836 Aristobulo
1510 2779 1611 2835 insidias¹
1623 2786 1688 2844 lieri,

911 2888 1001 2936 eosque
1015 2880 1109 2937 tempus
1129 2874 1256 2924 obserrme
1269 2877 1308 2932 nt,
1321 2875 1362 2923 iiio
1372 2874 1432 2923 inter
1445 2874 1580 2923 venandum
1589 2874 1687 2935 occiso,

911 2965 1010 3011 lloruam
1028 2963 1186 3024 profugerent.
1219 2962 1288 3022 latis,
1299 2975 1436 3025 qrranquam
1452 2974 1537 3024 parum
1547 2961 1688 3009 verisimilia

911 3055 990 3107 erant,
998 3050 1039 3097 seri
1051 3050 1192 3098 necessitate
1202 3054 1301 3111 cogente
1308 3050 1384 3097 etiosa
1393 3049 1504 3109 ,lubenti
1514 3053 1593 3098 tanim
1601 3048 1688 3097 'aniano

911 3150 951 3185 rex
964 3136 1088 3194 credebat,
1098 3140 1173 3184 semet
1184 3135 1309 3185 consolans
1319 3137 1342 3185 in
1355 3136 1456 3184 vinculis
1466 3136 1517 3196 iiiii,
1527 3136 1626 3198 quodid
1636 3149 1688 3183 non

911 3223 999 3283 injuste
1009 3223 1092 3271 iecisse
1103 3223 1233 3272 uideretur.

1137 3362 1218 3420 cAP.
1240 3362 1328 3419 XXV.
1351 3361 1469 3435 (xvii.)

941 3504 1075 3556 Alexander
1086 3509 1181 3568 autern,
1194 3505 1307 3567 quoniam
1323 3502 1388 3554 nolio
1397 3505 1469 3555 inodo
1478 3501 1528 3553 lieri
1540 3515 1612 3567 posse
1621 3501 1686 3551 vide·

910 3596 951 3645 bot
969 3599 995 3645 ut
1010 3598 1071 3657 patri
1092 3594 1245 3658 persuaderet
1258 3595 1365 3654 animum
1383 3595 1488 3653 mutare,
1501 3592 1571 3643 maiia
1590 3592 1688 3643 obviam

910 3692 943 3737 ire
955 3688 1058 3737 decrevit
1072 3703 1078 3734 :
1094 3700 1217 3749 girumque
1232 3688 1306 3736 libros
1325 3692 1438 3748 quattuor
1449 3688 1566 3736 adversus
1580 3688 1689 3739 inimicos

909 3778 1092 3841 composuisset,
1110 3776 1140 3825 de
1152 3776 1245 3825 insidiis
1257 3777 1428 3837 condiebatur,
1440 3782 1464 3825 et
1478 3776 1572 3825 iliorum
1594 3778 1686 3840 pieros·

909 3881 956 3930 rpre
978 3880 1059 3915 secum
1080 3868 1209 3915 earundem
1233 3866 1362 3928 participes
1385 3879 1439 3915 osse
1461 3864 1611 3928 declarabat,
1633 3872 1689 3916 ante

909 3970 992 4007 ornnes
1000 3960 1080 4006 autem
1092 3957 1251 4005 Plreroramet
1260 3956 1370 4005 salomen
1381 3971 1387 4003 :
1401 3970 1456 4005 uam
1465 3958 1526 4006 lianc
1534 3958 1607 4007 etiam
1619 3963 1690 4006 nocta

908 4048 1028 4109 quondam
1039 4061 1080 4109 pier
1092 4048 1141 4095 rim
1158 4060 1240 4097 secum
1253 4046 1328 4095 inrito
1339 4047 1499 4097 concubuisse
1510 4048 1614 4099 dicebat.
1625 4052 1689 4097 Jarrr·

909 4152 955 4203 que
978 4137 1030 4187 iibri
1051 4138 1200 4186 inmanibus
1217 4138 1285 4185 erant
1303 4137 1420 4198 ilerodia,
1431 4138 1506 4187 marita
1517 4143 1542 4187 et
1555 4139 1636 4200 gravia
1658 4138 1688 4185 de
1716 4191 1718 4194 ,
1758 4154 1761 4166 ·

908 4232 1061 4295 optimatibus
1081 4232 1224 4290 clamantes,
1248 4233 1273 4279 et
1289 4235 1407 4279 maturato
1428 4231 1513 4280 itinere
1537 4231 1688 4284 insudarem

910 4326 974 4377 venit
983 4324 1123 4383 Arelielaus,
1136 4322 1166 4371 de
1174 4335 1261 4384 genero
1269 4323 1341 4372 simui
1352 4336 1381 4371 ac
1388 4322 1436 4371 iilia
1447 4303 1581 4373 sollicitus:
1594 4323 1689 4383 illisque

909 4414 1009 4480 provide
1021 4412 1153 4463 admodum
1164 4425 1237 4474 opero
1248 4412 1304 4461 tulit
1313 4414 1338 4461 et
1353 4412 1484 4471 auxilium,
1496 4411 1614 4461 etastutia
1625 4412 1688 4474 regia

908 4504 1150 4555 minasacerricibus
1164 4503 1260 4552 illorum
1278 4502 1380 4563 depulit.
1412 4502 1496 4551 statim
1508 4501 1572 4551 enini
1591 4513 1687 4553 aecum

908 4614 936 4649 eo
956 4611 1095 4660 congressus
1112 4604 1164 4658 est,
1183 4616 1195 4640 ι
1217 4594 1314 4645 ubinam
1336 4598 1386 4653 est,
1403 4593 1536 4654 clamabat,
1557 4595 1688 4644 sceleratus

911 4704 1004 4754 ogener
1024 4693 1106 4738 meus?
1120 4693 1163 4736 ant
1181 4688 1223 4737 obt
1240 4684 1382 4750 parricidale
1399 4689 1472 4747 orpus
1491 4685 1687 4748 inconspectum

910 4802 922 4823 r
935 4796 1015 4831 meum
1028 4780 1118 4838 reniet,
1135 4778 1199 4840 qaod
1221 4776 1335 4825 manibus
1348 4775 1409 4823 meis
1424 4773 1579 4837 ⁴dilaceratio?
1595 4780 1645 4829 irno
1662 4786 1688 4832 et

910 4869 1006 4917 otiliam
1027 4882 1104 4918 meam
1126 4867 1188 4917 bono
1207 4880 1297 4929 sponso
1315 4866 1444 4928 adjiciam:
1461 4878 1516 4915 nam
1530 4868 1574 4916 etsi
1594 4868 1687 4917 consiiii

910 4980 922 5003 rr
937 4960 1052 5023 particeps
1065 4973 1112 5009 non
1126 4960 1211 5020 ίυοτίι,
1221 4958 1340 5021 eiusmodi
1355 4964 1434 5007 buren
1446 4958 1493 5007 riri
1505 4958 1591 5019 conjux
1607 4959 1686 5012 iacta,

910 5075 922 5099 ι
933 5054 1054 5117 inquinata
1066 5058 1109 5103 eat.
1141 5054 1214 5103 bitror
1228 5058 1309 5103 autem
1322 5053 1355 5102 tui
1367 5053 1524 5115 patientiam,
1536 5052 1574 5100 cui
1597 5053 1686 5111 parato

910 5167 921 5189 r
935 5150 1002 5196 crant
1018 5146 1123 5207 insidiae,
1138 5147 1158 5196 si
1176 5146 1255 5195 adbuc
1275 5146 1334 5195 νίνίι
1347 5145 1487 5195 Alexander.
1523 5147 1571 5202 Ego
1588 5142 1652 5189 euim
1669 5156 1684 5190 e

911 5270 920 5287 υ
934 5244 1082 5309 Cappadocia
1093 5243 1260 5307 properabam,
1270 5243 1337 5292 illum
1344 5241 1393 5301 iam
1402 5240 1491 5301 pridem
1500 5250 1582 5299 isernias
1590 5235 1685 5285 rtrrltsso
