3825 6059
240 544 296 596 vl
338 530 486 605 (recep-ms.)

237 655 401 718 Ἐπιστίλλει
414 655 434 712 3⁸
446 645 490 711 ούν
503 652 575 717 εθθθς
585 656 622 732 τῷ
636 651 747 709 διέποντι
758 650 805 720 τήν
821 647 953 727 ,θίγυπτον
963 650 1008 708 καὶ

236 744 283 814 τήν
297 742 489 820 Ἀλεξάνδρειαν
503 738 616 817 Τιθερίιρ
631 738 804 816 Ἀλεξάνδρῳ,
818 740 903 807 δηλῶν
919 737 949 794 τὸ
963 743 1008 807 τῆς

236 840 359 904 στρατιᾶς
371 828 501 908 πρόθυμον
514 826 559 885 καὶ
569 830 604 891 ὡς
615 826 706 896 αὐτὸς,
718 825 812 891 ὑποδύς
823 827 968 902 ἀναγκαίως
979 824 1008 881 τὸ

238 918 315 996 βάρος
328 921 374 987 τῆς
384 914 538 993 ἡγεμονίας,
546 912 666 992 συνεργὸν
677 912 753 969 αὐτὸν
764 911 810 969 καλ
826 910 916 989 βοηθθν
927 933 1008 989 προσ-

212 1004 376 1080 ελαμθάνει.
414 998 601 1079 Παραναγνοθς
610 999 638 1057 δὲ
646 997 836 1069 τήνίπιστολὴν
844 997 1007 1075 Ἀλέξανδρος

236 1090 375 1169 προθύμως
396 1087 431 1145 τοί
448 1110 477 1145 τε
498 1086 621 1164 τάγματα
646 1085 691 1142 καλ
712 1084 741 1142 τὸ
760 1086 857 1153 πλῆθος
878 1087 913 1149 είς
932 1084 1009 1141 αὐτθν

235 1174 365 1256 ὥρκωσεν.
421 1173 559 1251 Ἑκάτεροι
586 1171 613 1231 δθ
637 1171 755 1248 ἀσμίνως
777 1170 938 1242 ὑπήκουσαν,
962 1168 1007 1240 τήν

236 1261 330 1344 ἀρετήν
343 1268 388 1321 τοῦ
402 1261 492 1341 ἀνδρὸς
513 1265 543 1318 ἐκ
559 1264 606 1330 τῆς
626 1258 708 1335 ἐγγθς
724 1258 883 1337 στρατηγίας
906 1257 1008 1323 εἰδότες.

237 1352 315 1411 Καλθ
330 1350 377 1427 μὲν
389 1347 591 1425 πεπιστευμένος
604 1347 654 1418 ήδη
666 1345 698 1402 ri
710 1346 769 1424 περὶ
782 1345 830 1414 τὴν
844 1345 927 1423 ἀρχὴν
942 1366 1010 1423 προ-

197 1458 223 1497 io
237 1435 427 1515 παρεσκεύαζεν
442 1438 513 1513 αὐτῷ
525 1433 570 1491 καλ
583 1432 617 1489 τθι
630 1432 692 1510 πρὸς
708 1432 755 1499 τήν
772 1431 867 1511 ἀφιξιν.
910 1431 1009 1509 Τόχιον

236 1522 263 1581 δὲ
278 1522 391 1588 ἐπινοίας
404 1522 553 1599 διήγγελλον
565 1523 593 1577 αἱ
604 1524 689 1598 φῆμαι
703 1517 745 1576 τὸν
761 1519 805 1576 ἐπὶ
818 1523 864 1588 τῆς
883 1520 1010 1587 ἀνατολῆς

235 1607 427 1687 αὐτοκράτορα,
439 1607 484 1664 καὶ
494 1616 568 1665 πᾶσα
580 1607 627 1681 μὲν
638 1606 712 1671 πόλις
722 1604 858 1683 ἑώρταζεν,
872 1604 1009 1682 εὐαγγέλια

236 1693 264 1751 δὲ
277 1695 323 1751 καὶ
336 1694 424 1757 θυσίας
434 1691 498 1770 ὑπὲρ
511 1696 588 1750 αὐτοῦ
599 1692 722 1751 ἐπετέλει.
762 1695 786 1750 Τ
788 1690 805 1747 δι
819 1690 846 1749 δὲ
860 1689 928 1749 κατὰ
949 1696 1005 1749 θΙυ·

236 1779 297 1839 σίαν
310 1781 357 1839 καὶ
371 1779 514 1839 Παννονίαν
526 1778 664 1855 τάγματα,
680 1782 765 1858 μικρῷ
782 1778 892 1857 πρόσθεν
906 1801 1008 1848 κεκινη·

197 1887 221 1925 ts
236 1864 302 1942 μίνα
315 1865 379 1945 πρὸς
389 1864 436 1935 τήν
451 1865 601 1924 Οὐϊτελλίου
617 1865 727 1941 τολμαν,
742 1865 838 1941 μείζονι
852 1874 922 1943 χαρᾷ
941 1868 1008 1941 Οὐερ

236 1956 372 2031 επασιανῷ
387 1952 434 2022 τήν
454 1951 594 2030 ἡγεμονίαν
611 1952 724 2029 ιθμνυον.
767 1952 801 2011 Ὁ
824 1950 851 2009 δὲ
872 1951 1009 2019 ἀναζεύξας

236 2039 289 2097 ἀπθ
302 2038 461 2118 Καισαρείας
471 2042 505 2105 εἷς
517 2042 631 2117 Βηρυτὸν
644 2038 829 2119 παραγίνεται,
843 2038 902 2096 ἔνθα
913 2038 1009 2096 πολλαὶ

236 2124 283 2203 μὲν
302 2128 357 2190 ἀπὸι
377 2132 423 2197 τῆς
442 2128 539 2206 Συρίας
558 2130 643 2206 αὐτῷ,
659 2126 754 2185 πολλαὶ
773 2126 799 2183 δὲ
822 2126 866 2183 καὶ
883 2126 935 2182 ἀπὸ
957 2130 1008 2183 τῶν

235 2211 321 2271 ἀλλων
334 2215 466 2291 ἐπαρχιῶν
480 2212 617 2291 πρεσθεῖαι
635 2212 776 2285 συνήντων,
796 2212 934 2292 στεφάνους
947 2213 1010 2291 παρ’

195 2326 223 2365 nn
235 2298 346 2371 ίκάστης
364 2300 464 2365 ποῆεως
484 2298 529 2357 καὶ
543 2300 704 2380 συγχαρτικὰ
723 2298 914 2381 προσφέρουσαι
927 2300 1009 2379 ψηφί-

235 2409 333 2462 σματα.
375 2390 469 2463 Παρῆν
496 2386 523 2444 δὲ
544 2384 589 2444 καὶ
615 2386 759 2453 Μουκιανὸς
780 2391 794 2444 θ
812 2390 857 2457 τῆς
882 2386 1009 2467 ἐπαρχίας

233 2470 351 2551 ἡγεμών,
365 2471 396 2531 τθ
406 2471 537 2554 πρόθυμον
551 2476 602 2531 τῶν
616 2473 704 2551 δήμων
719 2473 764 2531 καὶ
778 2472 835 2540 τοθς
849 2472 917 2531 κατὰ
933 2474 1009 2530 πόλιν

233 2558 323 2641 ὅρκοις
336 2558 517 2637 ἀπαγγέλλων.

273 2646 366 2729 (ΑΠ’.)
380 2648 412 2716 ζ’.
426 2646 619 2727 Προχωρούσης
632 2646 659 2705 δὲ
670 2653 805 2725 πανταχοῦ
816 2645 884 2704 κατθι
894 2652 952 2705 νοῦν
964 2651 1009 2717 τῆς

194 2757 222 2797 as
233 2732 315 2813 τύχης
327 2732 372 2791 καλ
389 2736 440 2790 τῶν
452 2733 615 2812 πραγμύτων
630 2734 831 2792 συννενευκότων
840 2736 869 2791 ἐκ
886 2734 1008 2793 πλείστου

232 2821 341 2899 μίρους,
353 2820 404 2891 ήδη
417 2820 562 2898 παρίστατο
573 2824 610 2900 τῷ
633 2822 824 2901 Οὐεσπασιανῷ
837 2822 903 2878 νοεῖν
924 2825 959 2885 ὡς
980 2822 1008 2877 ob

234 2906 296 2986 δίχα
303 2905 436 2981 δαιμονίου
447 2905 567 2986 προνοίας
576 2906 673 2988 ἅψαιτο
679 2911 725 2977 τῆς
735 2910 829 2987 ἀρχῆς,
840 2906 909 2965 ἀλλά
920 2906 1008 2965 δικαία

233 3016 272 3059 τις
282 2991 426 3073 είμαρμίνη
438 2990 558 3071 περιόγοι
567 2992 597 3052 τθ
610 2995 712 3073 κρατεῖν
723 2998 774 3052 τῶν
785 2993 851 3052 θλων
863 2994 903 3052 ἀπ’
914 2994 1000 3055 αὐτόν.

236 3078 473 3155 ’ἀναμιμνήσκεται
493 3078 545 3159 γθρ
557 3079 591 3138 τό
604 3104 632 3138 τε
655 3080 723 3140 ἄλλα
739 3089 836 3157 σημεῖα
862 3082 957 3158 (πολλὰ
981 3082 1008 3139 δὲ

195 3186 222 3225 so
234 3168 307 3244 αὐτῷ
319 3164 432 3244 ἀγεγόνει
445 3162 580 3245 πανταχοῦ
593 3166 767 3247 προφαίνοντα
788 3166 836 3239 τήν
854 3167 1007 3245 ἡγεμονίαν)

234 3254 279 3313 καλ
290 3253 336 3320 τθς
347 3258 393 3313 τοῦ
407 3253 537 3325 Ἰωσήπου
549 3254 650 3333 φωνθς,
664 3254 691 3321 θς
703 3256 780 3314 αὐτὸν
794 3255 833 3314 ἔτι
846 3259 939 3323 ζῶντος
953 3256 1008 3315 Ns'-

232 3364 313 3420 ρωνος
334 3340 513 3421 αὐτοκράτορα
534 3346 683 3420 προσειπεῖν
706 3341 858 3422 ἐθάρρησεν.
900 3341 1007 3409 'Hisne'-

233 3430 335 3500 πληκτο
354 3429 382 3485 δὲ
399 3426 443 3485 τὸν
456 3427 538 3507 ἀνδρα
559 3429 693 3505 δεσμώτην
707 3428 745 3486 ἔτι
758 3428 819 3486 ὄντα
842 3428 906 3507 παρ’
920 3431 1006 3509 αὐτῷ,

234 3514 280 3573 καλ
294 3514 536 3595 προσκαλεσάμενος
551 3516 698 3574 Μουκιανὸν
713 3514 769 3591 ἅμα
782 3519 834 3581 τοῖς
846 3515 933 3581 ἄλλοις
946 3520 1008 3591 ἡγι-

193 3628 220 3666 ss
234 3600 295 3678 μόσι
307 3602 351 3660 καλ
366 3602 447 3683 φίλοις
464 3605 566 3681 πρῶτον
582 3601 630 3677 μίν
653 3603 732 3684 αὐτοῦ
753 3600 782 3659 τθ
797 3601 950 3681 δραστήριον
964 3605 1007 3660 ἐκ·

233 3690 346 3766 διηγεῖτο
367 3687 412 3745 καὶ
427 3688 476 3745 ὅσα
494 3688 546 3753 τοῖς
559 3687 728 3753 Ἰωταπάτοις
748 3689 782 3745 δι’
800 3688 877 3745 αὐτόν
900 3688 1007 3765 ἔκαμεν,

233 3771 322 3833 Ιἔπειτα
342 3773 389 3841 τάς
411 3773 598 3849 μαντείας,·θς
618 3773 693 3840 αὐτὸς
717 3774 764 3851 μὲν
779 3773 932 3834 ὑπώπτευσε
949 3777 1007 3835 τότε

232 3861 343 3937 πλάσμα
357 3867 401 3917 τοῦ
425 3859 511 3933 δέους,
539 3862 723 3939 ἀποδειχθῆναι
742 3860 831 3920 δὲθπδ
853 3868 897 3921 τοῦ
911 3863 1004 3943 χρόνου

233 3946 276 4005 καὶ
290 3950 340 4003 τῶν
354 3946 516 4026 πραγμάτων
535 3947 612 4013 θείας.
655 3948 794 4026 ιΑίσχρθν
808 3940 860 4019 οάν,
879 3949 942 4030 ἔφη,
963 3950 1006 4009 τδν

191 4058 220 4097 ro
232 4028 440 4112 προθεσπίσαντά
460 4056 505 4108 μοι
525 4032 572 4103 τήν
593 4032 676 4114 ἀρχὴν
695 4034 740 4091 καὶ
758 4034 875 4093 διάκονον
895 4041 940 4107 τῆς
962 4044 1006 4097 τοῦ

232 4121 302 4180 Θεοῦ
314 4124 411 4197 φωνῆς,
425 4118 463 4177 ίτι
478 4118 646 4200 αἰχμαλώτου
660 4120 759 4192 τάξινή
775 4118 907 4197 δεσμώτου
923 4125 1006 4205 τύχην

232 4206 379 4283 θπομίνειν.
395 4234 407 4257 ν
443 4206 497 4266 Καὶ
510 4206 623 4273 καλίσας
638 4206 681 4267 τθν
694 4208 823 4279 Ἰώσηπον
837 4211 944 4280 λυθῆναι
962 4234 1007 4271 κε-

232 4292 309 4351 λεύει.
330 4296 393 4359 Τοῖς
407 4293 454 4369 μὲν
466 4285 510 4351 οθν
522 4294 648 4371 ἡγεμόσιν
661 4297 690 4352 ἐκ
701 4300 747 4365 τῆς
758 4298 793 4361 εἷς
804 4295 847 4352 τὸν
862 4296 1005 4376 ἀλλόφυλον

231 4380 345 4456 ἀμοιόῆς
364 4380 475 4459 λαμπρὰ
491 4381 537 4438 καλ
556 4381 616 4459 περὶ
637 4383 722 4438 αὐτῶν
743 4381 854 4449 ἐλπίζειν
868 4382 1004 4462 παρίστη,

192 4498 218 4535 45
232 4466 315 4525 συνών
330 4468 357 4525 δὲ
371 4469 409 4547 ινῖν
420 4466 501 4545 πατρὶ
511 4464 604 4539 Τίτος,
621 4493 632 4518 ι
647 4466 754 4536 δίκαιον,
777 4458 800 4525 rb
819 4467 916 4547 πάτερ,
938 4469 1005 4551 ἔφη,

233 4559 306 4611 «τὀῦ
328 4554 461 4624 Ἰωσήπου
475 4555 521 4612 καί
544 4553 574 4611 ab
598 4553 692 4620 ὄνειδος
714 4557 884 4633 ἀφαιρεθῆναι
907 4556 954 4615 σθν
968 4562 1005 4637 τῷ

231 4665 245 4689 ι
259 4638 369 4718 σιδήρφν’
381 4641 518 4716 γενήσεται
529 4640 579 4720 γθρ
591 4640 679 4716 θμοιος
690 4644 728 4719 τῷ
740 4640 776 4713 μή
790 4640 887 4699 δεθέντι
900 4642 946 4712 τήν
957 4647 1005 4723 ἀρ·

231 4750 244 4773 ι
256 4728 316 4802 χὴν,
326 4723 357 4782 ἀν
364 4730 441 4784 αύτοῦ
452 4726 488 4802 μὴ
496 4728 626 4804 λύσωμεν,
636 4727 704 4785 ἀλλά
712 4727 834 4806 κόψωμεν
843 4729 876 4784 τά
888 4729 983 4805 δεσμά·
993 4758 1005 4783 υ

651 526 727 584 ΤΟΥ
749 525 846 583 loru.
872 524 1055 583 ΠΟΛΕΜΟΥ
1079 524 1173 582 ΒΙΒΛ,
1197 532 1226 579 Δ.
1253 525 1341 581 tilii).
1366 525 1388 580 l.

1699 526 1831 601 [uui

1053 660 1152 709 Proinde
1167 660 1246 709 statim
1258 660 1287 709 arl
1309 660 1428 709 Tiberium
1449 660 1620 718 Alexandrum,
1633 662 1673 722 qui
1693 664 1823 723 lignulum

1053 744 1077 785 ct
1094 739 1257 789 Alexandriam
1274 741 1464 799 administrabat,
1485 742 1565 788 literas
1586 742 1670 800 mittit,
1690 743 1778 803 quibus
1797 744 1832 791 iu·

1053 825 1147 873 dicabat
1157 828 1181 874 at
1197 825 1296 875 militnm
1310 832 1444 888 promptam
1461 829 1483 875 in
1497 842 1522 877 sc
1540 828 1701 889 satientatem,
1723 832 1748 877 ct
1765 832 1832 891 quim

1054 906 1118 969 ipso,
1136 919 1165 954 ex
1183 907 1321 957 necessitate
1341 922 1402 957 oriris
1419 908 1510 971 imperii
1530 910 1639 969 sobicus,
1657 912 1734 972 ipsum
1753 912 1834 959 ariusi-

1053 989 1153 1037 nistrum
1168 992 1191 1039 et
1205 989 1337 1051 adiutorem
1356 991 1551 1039 sibiassumeret.
1585 992 1716 1041 Alexander
1731 1000 1832 1053 ιιυιινιι,

1053 1082 1127 1129 quum
1150 1072 1279 1123 recitasset¹
1296 1071 1389 1130 literas,
1412 1077 1520 1133 prompto
1543 1075 1623 1120 statim
1648 1073 1728 1121 animo
1749 1080 1774 1121 et
1800 1076 1832 1121 le-

1053 1151 1132 1211 giones
1149 1156 1174 1199 et
1186 1153 1298 1214 populum
1316 1152 1346 1199 orl
1366 1152 1436 1200 sulem
1457 1152 1479 1200 el
1500 1152 1656 1213 praestantiam
1674 1154 1833 1215 jurejurando

1053 1236 1139 1297 adegit.
1173 1237 1199 1285 ld
1210 1237 1273 1298 quod
1285 1238 1314 1285 ab
1327 1238 1432 1299 utrisque
1444 1238 1532 1286 lubenti
1542 1238 1622 1285 animo
1637 1240 1724 1287 lercium
1737 1245 1789 1297 est,
1804 1248 1832 1289 nt

1054 1322 1093 1381 qui
1107 1320 1151 1367 riri
1164 1320 1275 1369 virtutem
1292 1322 1411 1369 noriutex
1433 1321 1504 1370 rebus
1523 1320 1586 1368 illius
1605 1321 1678 1371 ductu
1701 1324 1723 1371 iu
1742 1326 1831 1371 ririuiu

1053 1402 1134 1463 gestis.
1167 1404 1245 1463 Atque
1260 1402 1299 1450 ille
1311 1402 1422 1463 quidem,
1434 1406 1568 1467 qrrumjam
1585 1406 1628 1466 ipsi
1642 1404 1731 1453 credita
1749 1413 1832 1452 essem

1053 1494 1107 1541 quae
1116 1479 1146 1528 ad
1159 1481 1281 1543 imperium
1294 1484 1445 1543 spectabant,
1458 1484 1529 1531 etlam
1542 1498 1596 1546 quac
1615 1484 1726 1533 adsentiri
1746 1500 1832 1533 irreces-

1054 1568 1114 1615 saria
1124 1570 1189 1615 erant
1200 1569 1353 1629 preparabat.
1386 1570 1462 1617 Citius
1472 1576 1550 1619 autem
1564 1585 1636 1633 quam
1649 1572 1777 1619 existimari
1792 1586 1832 1632 ps·

1054 1649 1099 1697 tuit
1114 1648 1174 1696 lamo
1190 1650 1316 1698 nunciabat
1334 1650 1357 1698 in
1370 1650 1464 1699 Oriente
1479 1654 1649 1713 Vespasianum
1661 1666 1712 1701 esse
1730 1658 1831 1715 bapea-

1054 1728 1129 1776 torem
1139 1743 1145 1775 :
1157 1733 1180 1776 ei
1192 1730 1270 1776 omnis
1281 1712 1376 1792 qriislem
1386 1732 1468 1780 civitas
1478 1732 1529 1779 dies
1541 1732 1613 1781 festos
1622 1734 1722 1795 agebat,
1731 1748 1774 1782 nee
1785 1750 1831 1783 ιιυιι

1054 1812 1133 1859 nuncii
1153 1814 1248 1873 praemia
1266 1812 1350 1872 dabat,
1370 1820 1393 1862 ei
1410 1828 1475 1863 sacra
1497 1830 1537 1876 pro
1554 1817 1606 1875 ejus
1624 1818 1700 1865 salute
1719 1818 1830 1869 iaciebat.

1054 1902 1166 1961 Legiones
1176 1909 1255 1953 autem
1265 1903 1327 1963 apud
1337 1904 1435 1965 Mysiam
1446 1909 1469 1951 et
1478 1904 1634 1962 Pannoniam,
1643 1904 1722 1966 paullo
1731 1894 1786 1954 anie
1797 1908 1830 1955 ob

1056 1984 1140 2035 Vitellii
1147 1987 1269 2036 audaciam
1282 1988 1305 2034 in
1315 1986 1431 2035 tumultus
1442 1987 1576 2047 concitam,
1586 1988 1675 2048 majore
1682 2001 1737 2035 cum
1744 1988 1831 2048 garrdio

1054 2070 1178 2131 imperium
1190 2071 1494 2132 Vespasianojureiurando
1503 2070 1683 2119 continuabant.
1717 2072 1758 2120 llic
1772 2084 1830 2119 sero

1055 2158 1173 2219 proiectos
1182 2162 1289 2209 caesarea
1299 2162 1411 2219 Bergium
1423 2159 1547 2217 veniebat,
1561 2159 1600 2207 ribi
1616 2158 1698 2207 mulio
1709 2158 1832 2220 quideme

1054 2239 1135 2299 Syria,
1149 2239 1244 2302 insuper
1256 2246 1280 2290 et
1294 2241 1376 2289 multae
1392 2240 1423 2287 ab
1440 2240 1494 2287 aliis
1514 2241 1640 2301 provinciis
1661 2240 1789 2301 legationes
1807 2240 1829 2287 ei

1053 2322 1148 2370 ebriam
1161 2324 1306 2381 iactassent,
1317 2336 1417 2371 coronas
1430 2328 1455 2372 et
1471 2323 1624 2383 gratulatoria
1640 2324 1734 2373 decreta
1749 2336 1763 2371 a
1779 2323 1830 2371 sin-

1054 2404 1115 2463 gulis
1125 2404 1260 2453 civilatibus
1274 2406 1405 2453 allerenles.
1436 2406 1500 2461 Quin
1511 2410 1535 2453 et
1547 2406 1669 2453 llrreianus
1677 2406 1758 2455 aderat
1775 2420 1829 2468 pro·

1055 2486 1137 2533 viuri-a
1150 2500 1249 2548 pruses,
1261 2500 1358 2547 pronam
1369 2486 1392 2533 in
1406 2500 1461 2534 curn
1479 2487 1620 2547 populorum
1640 2488 1787 2537 voluntatem
1802 2493 1828 2535 et

1052 2564 1184 2625 juramenta
1197 2582 1237 2628 per
1249 2568 1320 2615 rrrlres
1331 2568 1351 2615 ei
1361 2567 1438 2627 jurata
1449 2568 1601 2615 annuncians.

1085 2650 1237 2710 (lllllllllll.)
1250 2653 1272 2697 7.
1286 2652 1365 2705 Quum
1376 2655 1454 2697 aulem
1468 2649 1556 2711 ubique
1568 2648 1630 2697 retis
1640 2647 1702 2697 illius
1713 2649 1829 2699 obsecun-

1053 2732 1119 2781 daret
1131 2732 1237 2795 fortuna,
1249 2746 1331 2795 resque
1342 2734 1406 2783 omni
1417 2734 1464 2783 iere
1474 2750 1502 2784 es
1514 2736 1615 2797 parlearl
1624 2737 1690 2785 illum
1701 2736 1830 2799 propende·

1054 2825 1119 2881 rent,
1132 2826 1182 2871 lum
1193 2824 1293 2882 ospitare
1306 2823 1378 2885 cepit
1388 2824 1546 2885 Vespasianus
1555 2824 1620 2886 quod
1630 2839 1676 2873 rron
1687 2824 1738 2873 sine
1748 2826 1828 2873 numi-

1053 2912 1090 2959 nis
1104 2910 1250 2975 prorirlentia
1261 2923 1356 2960 manum
1367 2910 1499 2959 admoverit
1512 2912 1625 2974 imperio,
1635 2912 1675 2960 secl
1687 2912 1752 2972 justa
1762 2926 1829 2973 quae-

1052 3000 1107 3047 dam
1121 3000 1161 3047 lati
1171 3000 1229 3049 ratio
1238 3000 1268 3047 ad
1282 3000 1359 3061 ipsum
1370 2998 1494 3047 dedrrxerit
1503 3012 1581 3049 rerum
1593 3000 1700 3048 omnium
1711 3000 1828 3061 principa-

1053 3093 1112 3136 lum.
1144 3088 1190 3149 ipsi
1208 3087 1271 3136 euim
1290 3087 1313 3135 in
1324 3088 1461 3137 memoriam
1481 3088 1613 3136 replantat
1623 3089 1668 3136 alia
1683 3088 1751 3149 signa
1764 3092 1828 3147 (narn

1053 3174 1127 3223 multa
1137 3172 1180 3236 ipsi
1191 3176 1335 3236 contigerant
1345 3174 1469 3237 imperium
1476 3176 1797 3237 praemonstrantialqureqne
1805 3180 1827 3225 ei

1052 3260 1275 3323 diseretiosepbus,
1284 3261 1324 3323 qui
1335 3262 1429 3310 virente
1438 3262 1516 3311 arllmc
1526 3266 1618 3312 Nerone
1626 3276 1700 3311 ausus
1711 3268 1760 3313 erat
1772 3278 1827 3311 ιυιιι

1052 3348 1170 3410 appellare
1187 3352 1363 3411 imperatorem.
1397 3350 1520 3399 Attonitus
1533 3353 1612 3398 aulem
1632 3350 1825 3411 haerebat,quorl

1053 3436 1173 3485 bominem
1193 3436 1272 3485 adbuc
1283 3437 1307 3485 in
1317 3438 1419 3486 vinculis
1434 3436 1498 3500 apud
1510 3450 1536 3486 se
1549 3442 1653 3498 teneret;
1663 3438 1826 3500 advocatoque

1052 3524 1163 3573 blociano
1180 3538 1235 3573 cum
1251 3524 1335 3574 ceteris
1345 3524 1446 3573 tribunis
1463 3530 1488 3574 et
1498 3526 1595 3587 amicis,
1611 3526 1713 3587 priorum
1730 3524 1827 3587 qrridem

1051 3612 1829 3675 ejusstrenuitatemerrarrabat,quaniumqueiulotapatiaexprr-

1051 3698 1151 3759 guardia
1169 3705 1264 3762 pmpter
1280 3699 1358 3762 ipsum
1378 3700 1520 3758 laborassem
1533 3698 1618 3749 deinde
1634 3700 1828 3760 vsbmuaiioues,

1050 3798 1110 3848 qoss
1127 3787 1177 3847 ipse
1189 3787 1284 3849 qrrirlem
1295 3791 1352 3839 lunc
1361 3787 1498 3849 suspicatus
1508 3790 1572 3837 esset
1583 3788 1673 3837 timoris
1684 3800 1755 3838 eausa
1768 3802 1827 3837 eon-

1052 3873 1129 3933 betas,
1144 3877 1238 3936 tenipus
1253 3878 1332 3924 autem
1352 3882 1599 3935 rermuqueerentrrm
1614 3876 1708 3925 diuinas
1719 3888 1772 3925 esse
1783 3876 1826 3925 rle·
1864 3928 1868 3935 ,

1052 3964 1203 4010 monstrasse.
1235 3965 1344 4023 Tumque
1357 3962 1510 4013 inhonestum
1522 3978 1574 4015 esse
1590 3964 1668 4015 aiebat
1684 3969 1711 4016 ut
1728 3964 1768 4025 qui
1780 3964 1825 4013 sibi

1051 4052 1189 4110 augrrrasset
1196 4050 1334 4111 imperium,
1344 4050 1457 4113 vocisque
1466 4052 1509 4100 bel
1519 4051 1625 4100 minister
1634 4052 1762 4100 exstitisset
1769 4086 1776 4111 ‚
1784 4052 1826 4099 arl-
1868 4050 1872 4063 '

1052 4136 1098 4185 truc
1118 4137 1207 4197 captiui
1224 4137 1275 4187 loco
1291 4136 1426 4199 baberetur,
1447 4138 1568 4200 vinctique
1586 4140 1703 4187 loctunam
1724 4139 1822 4188 subiret.
1865 4185 1871 4195 ,

1050 4228 1177 4285 Quumque
1187 4225 1317 4287 ,loseplmm
1330 4230 1433 4273 recesset
1441 4262 1448 4283 ‚
1457 4226 1517 4275 seiri
1528 4226 1594 4286 jubet
1618 4230 1697 4287 Atqrre
1708 4226 1753 4275 boc
1763 4226 1826 4274 laeto

1051 4312 1151 4371 tribuni,
1161 4325 1190 4360 es
1202 4326 1231 4361 ea
1239 4313 1326 4373 grstia,
1337 4325 1408 4374 qrram
1417 4313 1554 4373 alienigenas
1567 4314 1699 4373 retulisset,
1713 4313 1825 4374 preclara
1850 4347 1852 4356 ι

1050 4400 1121 4449 etiam
1133 4399 1162 4449 rie
1176 4414 1201 4449 se
1210 4399 1324 4461 speranda
1340 4414 1392 4449 esse
1405 4401 1589 4449 arbitrabantur.
1621 4403 1689 4450 Titus
1704 4413 1772 4459 rere,
1783 4404 1824 4462 ουν

1050 4488 1108 4549 patri
1120 4488 1214 4547 adorat,
1227 4508 1239 4529 υ
1248 4487 1341 4548 justum
1356 4490 1406 4547 esi,
1418 4488 1507 4549 inqrrit,
1518 4502 1534 4535 o
1543 4492 1618 4550 paler,
1631 4502 1677 4536 rins
1694 4502 1749 4537 eum
1762 4490 1824 4537 ierro

1051 4596 1062 4619 ι
1074 4578 1145 4625 eliam
1154 4576 1239 4638 probro
1248 4576 1379 4637 ioseplumr
1387 4576 1453 4624 solvi.
1471 4575 1570 4624 Parirrde
1577 4577 1639 4625 errim
1646 4577 1691 4624 erit
1697 4590 1725 4624 ac
1734 4576 1753 4623 si
1765 4590 1827 4624 surr·-

1051 4682 1063 4703 ιι
1074 4674 1145 4723 qoam
1154 4662 1246 4709 rinctus
1253 4661 1349 4721 luisset,
1359 4662 1379 4710 si
1391 4660 1537 4711 vinculanon
1545 4661 1687 4711 solverimus
1696 4662 1736 4712 sed
1746 4663 1823 4712 disse·

1025 4780 1029 4855 γ
1050 4769 1061 4791 «ι
1075 4748 1210 4798 arserimus:
1228 4768 1240 4790 ν
1257 4748 1321 4810 quud
1335 4750 1419 4811 ulique
1431 4750 1454 4798 in
1472 4762 1513 4799 eos
1529 4754 1657 4811 occupatur
1669 4744 1708 4812 qui
1726 4764 1766 4812 per
1784 4751 1822 4799 iu·

231 4816 306 4869 '⁰5³0
322 4810 372 4889 til?
392 4812 436 4869 ‘iii
457 4818 509 4871 τῶν
525 4813 562 4890 μὴ
582 4814 689 4880 δεόντως
707 4815 828 4871 δεθέντων
850 4816 1003 4894 πράττεται.
1026 4862 1029 4887 ι
1047 4836 1133 4897 juriam
1145 4837 1217 4885 vincti
1227 4841 1291 4885 suot.
1325 4835 1413 4885 Eadem
1422 4838 1567 4898 Vespasiano
1578 4836 1702 4897 placebant
1714 4852 1719 4885 :
1733 4844 1756 4886 el
1768 4840 1822 4899 ‹prri-

191 4929 219 4965 ιιι
231 4896 370 4957 Σννῑδόνῑν
383 4896 411 4955 δὲ
422 4904 521 4969 ταῦτα,
532 4902 577 4959 καὶ
588 4899 723 4980 παρελθών
736 4924 774 4967 τις
782 4901 885 4959 witti
902 4902 1004 4985 δνθῑνήνε
1026 4902 1028 4916 ¹
1049 4922 1103 4971 dam
1115 4924 1140 4971 in
1152 4924 1256 4973 merlium
1267 4923 1377 4987 prodiens
1391 4924 1468 4972 securi
1478 4926 1587 4985 cabuam
1598 4924 1720 4973 dissecuit.
1753 4928 1820 4974 lose·

230 4980 276 5053 τήν
291 4981 392 5044 ἅλυσιν.
432 4984 467 5044 ‘0
478 4988 505 5042 δὲ
518 4985 644 5056 Ἰώσηπος
658 4987 768 5067 εἰληφώς
781 4989 840 5066 περὶ
853 4991 904 5045 τῶν
917 5012 1004 5068 πρσει·

232 5069 348 5149 ρημίνων
366 5068 443 5149 γέρας
455 5068 512 5161 τήν.
527 5072 657 5149 ἐπιτιμίαν
671 5073 721 5143 ήδη
736 5072 780 5131 καλ
801 5074 923 5153 περὶτῶν
938 5080 1003 5152 μελ·
1026 5083 1029 5139 i

228 5153 324 5215 λόντων
339 5155 485 5224 ἀξιόπιστος
495 5162 535 5227 ήνι

1050 5011 1110 5071 plius
1119 4994 1212 5070 autea,
1224 5025 1267 5073 pro
1276 5011 1313 5061 liis
1322 5024 1376 5072 υιιεο
1385 5010 1539 5081 praedixerat,
1551 5010 1820 5059 existirirationisillmse

1050 5098 1146 5157 prnnrio
1162 5098 1275 5157 donatus,
1286 5096 1315 5145 de
1327 5097 1412 5147 bituris
1428 5099 1476 5159 J'am
1486 5098 1571 5159 dignus
1581 5101 1618 5147 cui
1634 5097 1769 5146 crederetur
1782 5100 1820 5147 lm·

1049 5184 1153 5233 bebatur.
