3825 6059
276 491 331 541 22,
372 477 510 552 (mmm.)
784 476 858 533 nor·
878 472 974 533 rom.
999 470 1183 535 notorior
1205 474 1297 533 aros.
1321 476 1353 533 u.
1739 478 1855 556 [soph]

274 613 308 671 rr.
320 614 361 668 Ὦς
370 610 495 674 mettim<
504 609 574 658 Τίτον
584 610 622 657 ναὶ
631 610 788 670 ονοπωρωοο
804 610 830 657 τί
837 615 921 672 τοῖχος,
932 608 1044 663 τοξεύεται
1093 622 1122 660 Π.
1138 616 1190 661 Tito
1204 617 1359 663 circumeunte
1371 618 1393 661 et
1408 612 1558 673 perlustrante
1576 620 1670 673 monta,
1687 620 1816 666 vulnerator
1825 626 1857 668 iti·

302 682 412 744 Ῑρςιάνωρ
422 682 436 729 ὁ
446 681 508 743 φίλος
517 679 596 736 αὐτοῦ,
606 678 681 725 συνὼν
692 678 810 739 Ἰωσήπῳ·
820 678 874 725 ένθα
882 679 911 735 δή
920 678 959 725 καὶ
972 692 1045 725 σπου-
1116 695 1186 729 ranor
1204 686 1292 729 amicus
1308 686 1365 739 etus,
1382 684 1421 739 oui
1433 693 1485 729 cum
1498 684 1595 740 losepho
1610 690 1661 731 erat
1673 702 1679 730 :
1696 688 1757 733 uode
1774 700 1856 745 aggeres

304 753 419 813 οοιότορον
428 750 520 812 ἐγείρειν
528 748 557 796 τὰ
569 748 669 810 χώματα
683 746 815 809 προσέταξα,
827 749 866 795 καί
880 749 908 795 τὰ
921 748 1044 809 πολισρκη·
1116 756 1195 809 majori
1204 753 1280 799 studio
1289 755 1382 799 excitari
1389 755 1464 809 jussit,
1473 758 1496 799 et
1505 755 1622 800 machinas
1628 756 1780 803 obsidionales
1787 760 1855 803 admo

304 824 358 871 τικὰ
366 824 514 883 παραστῆσαι
526 818 690 880 μηχανήματα.
1116 824 1169 867 veri.

274 894 314 951 ιη’,
324 892 375 941 Ἔτι
386 892 437 953 περὶ
453 888 562 937 Ἰωάννου
577 888 617 934 καί
628 887 731 947 Σίμωνος
742 890 789 949 τῶν
797 885 923 948 τυράννων,
934 885 1045 940 καὶδπως
1091 895 1121 935 1⁸.
1135 893 1218 935 iterum
1229 890 1376 935 deioanneet
1386 892 1477 935 simone
1488 890 1600 947 tyrannis,
1611 894 1685 949 utque
1696 896 1798 939 mutuum
1811 896 1854 939 sibi·

303 964 407 1019 ἀλλήλοις
416 960 524 1021 έχριῦντσ·
537 958 576 1005 καί
587 958 638 1017 περί
652 962 698 1003 τῶν
712 956 758 1004 ἀπὸ
769 961 816 1005 τῶν
829 956 974 1019 πετροῦόλων
988 956 1044 1017 taps-
1097 1002 1100 1009 ,
1115 961 1160 1003 mut
1170 958 1272 1003 terebant
1281 958 1391 1003 auritium
1402 972 1407 1001 ι
1418 962 1440 1003 et
1449 959 1566 1005 desarisc
1578 956 1676 1005 ballistis
1686 963 1795 1017 proiectis.

293 1032 436 1093 ‘necopinus
445 1030 522 1077 λίθων.
1376 1064 1377 1068 ,

275 1103 312 1150 ιθ.
321 1103 402 1154 Ὅπως
407 1100 453 1147 int
463 1103 510 1145 τῶν
519 1096 622 1159 ορΥᾶνων
630 1094 735 1158 ορῑλῦίον
742 1094 885 1156 mistim
895 1100 937 1142 οοῡ
944 1096 1044 1158 οοῖλονςν
1091 1108 1121 1148 ιο.
1131 1106 1252 1159 Quomodo
1264 1116 1330 1150 muro
1339 1106 1413 1150 tribus
1421 1118 1434 1149 e
1441 1106 1517 1151 tocisa
1528 1106 1642 1151 machinis
1652 1107 1777 1163 verberato,
1787 1112 1854 1164 tyran·

303 1173 326 1220 οῑ
334 1170 438 1232 τύραννοι
447 1169 502 1231 πρὸς
511 1167 621 1223 ἀλλήλους
632 1164 800 1227 δμονσήσαντες
811 1164 981 1225 ἀντεπολέμουν
990 1166 1045 1213 Ῥω·
1115 1174 1146 1223 nt,
1156 1174 1211 1217 totta
1221 1174 1351 1225 concordie,
1366 1177 1445 1218 contro
1457 1176 1571 1219 Romanos
1587 1175 1742 1230 dimicabunt,
1751 1180 1772 1221 et
1782 1176 1854 1221 machi·

304 1240 394 1302 μαίους,
407 1240 447 1287 καὶ
461 1238 502 1289 τὰς
516 1238 620 1299 μηχανὰς
630 1237 707 1284 αὐτῶν
718 1234 853 1295 ίνὲορηορν·
868 1236 908 1282 καὶ
926 1239 957 1289 ὡς
969 1234 1045 1289 'lodo
1115 1254 1155 1287 nas
1170 1254 1250 1287 eorum
1265 1228 1429 1288 incenderunt's
1440 1247 1512 1298 utque
1523 1245 1631 1299 loannes,
1642 1244 1792 1291 idummoruro
1800 1248 1853 1301 dux,

301 1327 350 1367 νης,
361 1311 374 1358 δ
382 1312 429 1358 τῶν
440 1307 575 1369 Ἰδουμαίων
584 1308 688 1368 ἡγεμὼν,
699 1306 811 1359 τοξευθεὶς
820 1304 953 1366 ἀναιρεῖται,
1113 1312 1194 1365 sugitis
1203 1322 1321 1367 percussus
1330 1311 1473 1355 interiicitur.

271 1379 302 1427 κ’.
313 1380 395 1433 ὀπως
410 1376 547 1438 αὐτομάτως
559 1378 686 1423 κατέπεσον
705 1376 727 1422 oi
746 1374 810 1436 παρὰ
828 1374 951 1435 Ῥωμαίων
975 1391 1044 1423 κατα·
1088 1382 1121 1423 νο.
1137 1380 1258 1433 Quomodo
1268 1382 1312 1423 tres
1322 1380 1536 1424 turresahomanis
1547 1380 1666 1425 odiitcatae
1677 1384 1756 1437 sponte
1771 1393 1852 1426 corrue⁴

301 1449 462 1503 σκευασθέντα
470 1451 529 1511 τρεῖς
538 1446 630 1509 πύργοι,
640 1446 679 1493 καὶ
691 1444 828 1506 μετὰπολὺν
838 1445 905 1501 οὸνσν
916 1445 1044 1507 ἐκράτησαν
1114 1449 1179 1498 runt,
1188 1448 1210 1491 et
1217 1448 1288 1491 muita
1296 1458 1348 1491 cum
1356 1447 1416 1491 code
1424 1448 1523 1501 primum
1534 1460 1627 1493 murum
1636 1452 1772 1505 superarunt
1780 1451 1852 1494 lions·

300 1519 462 1581 Ῥωμαῖοιτοῦ
478 1517 571 1579 πρώτου
589 1516 692 1577 τείχους,
705 1515 854 1575 μηχανήματι
874 1519 908 1576 τῷ
927 1516 1043 1577 λεγομένῳ
1114 1515 1149 1567 ui,
1160 1525 1203 1569 opc
1212 1514 1322 1559 mochinae
1332 1526 1401 1570 quam
1411 1516 1497 1560 Nicone
1507 1515 1621 1561 vocabunt
1633 1516 1717 1561 indui.

296 1588 393 1638 Νίκωνι.

270 1658 317 1710 κατ’.
328 1659 410 1713 'Onne
418 1655 486 1711 Τίτος
497 1656 538 1717 μὶν
549 1656 605 1717 πρδς
620 1652 773 1717 τειχομαχίαν
786 1658 828 1702 τοῦ
840 1654 945 1717 δευτέρον
953 1653 1043 1716 τείχους
1087 1668 1119 1709 ti.
1130 1666 1251 1723 Quomodo
1260 1668 1325 1711 Titus
1333 1668 1425 1722 quidem
1442 1668 1470 1713 ad
1485 1680 1578 1715 murum
1593 1672 1720 1717 secundum
1732 1684 1850 1728 oppoporo

299 1728 340 1783 τὰς
351 1725 481 1789 προοῦολὰς
492 1724 604 1782 ίποῑοῖοον
612 1722 718 1772 Ἰονδοῖον
730 1722 754 1771 δὲ
765 1722 805 1778 τὰς
817 1723 914 1784 ἔρὸολᾶς
925 1724 1041 1772 διαλοὸον·
1112 1735 1167 1780 dum
1175 1738 1332 1792 impressiones
1341 1738 1447 1791 faciebam
1457 1740 1596 1795 tuoaerrero,
1604 1753 1678 1796 ouum
1685 1744 1790 1799 impetum
1796 1754 1850 1787 esee·

298 1797 473 1859 τκςίρράξαντο.
765 1810 768 1815 ·
1113 1808 1205 1861 pissent,
1215 1808 1291 1851 omnia
1299 1806 1440 1851 muniebant.

269 1867 315 1916 κθ’.
326 1868 382 1928 Περὶ
392 1864 507 1926 Λογγῖνον
515 1863 632 1925 Ῥωμαίου
641 1864 791 1926 στρατιώτου.
1086 1882 1119 1919 ti.
1132 1878 1165 1920 Dc
1178 1877 1279 1931 toogtoo
1290 1878 1361 1921 miiite
1371 1878 1480 1921 Romano.

269 1936 306 1996 ιγ’
308 1972 315 1983 ·
328 1937 384 1997 Περὶ
391 1933 515 2063 {mi
532 1932 644 1981 Ἰονδοῖον
655 1933 746 1993 γόητος,
763 1932 827 1987 ὅπως
843 1931 913 1980 Τίτον
930 1936 970 1981 καὶ
986 1936 1042 1983 Ῥω·
1086 1950 1119 1987 2³.
1135 1946 1167 1988 tie
1178 1946 1269 1989 (λιι-θυαε
1280 1934 1402 1999 impostore
1413 1945 1523 2001 ludaico,
1535 1936 1848 2003 quomodo'l'itoetitcmaois

300 2006 381 2067 μαίυυς
511 2039 517 2050 .
592 2034 596 2040 ·
618 2011 625 2029 ’
1111 2013 1225 2065 imposuit

268 2076 303 2124 κδ’
306 2111 313 2123 .
324 2076 408 2131 Ὅπως
418 2075 445 2123 τδ
456 2074 559 2135 δεύτερον
569 2078 644 2136 τεῖχος
655 2073 762 2128 λαύόνιες
771 2071 835 2128 αὐθις
846 2072 988 2129 ἐξώσθησαν·
1002 2076 1041 2121 καὶ
1087 2086 1122 2124 si.
1135 2080 1257 2135 Quomodo
1271 2092 1338 2125 muro
1354 2081 1454 2126 secundo
1463 2082 1541 2137 potiti,
1550 2083 1606 2129 inde
1619 2084 1703 2130 iterum
1715 2086 1770 2141 puisi
1779 2088 1846 2129 enni:

299 2142 432 2269 αὐθιςαιζτδθρ1
443 2142 613 2206 παραλαάόντες
624 2143 679 2205 προς
697 2144 738 2200 τήν
751 2148 798 2191 τῶν
813 2142 899 2190 λοιπῶν
910 2143 1041 2206 παράληψιν
1110 2152 1196 2205 ΙΙΙοουο
1208 2162 1261 2195 mox
1274 2152 1417 2205 recuperato,
1429 2150 1457 2195 ad
1471 2152 1559 2207 reliqua
1571 2154 1702 2209 superanda
1714 2166 1760 2199 sese
1768 2165 1847 2211 compa·

298 2213 389 2274 οὐτρεπί
433 2228 483 2260 σαν.
1111 2218 1200 2263 rabant.
1214 2258 1217 2264 .

267 2282 308 2333 κε’.
323 2283 405 2337 Ὅπως
413 2281 582 2337 &chrodisus
589 2282 631 2339 τήν
640 2280 781 2343 πολιορκίαν,
791 2281 812 2329 si
826 2298 876 2337 πως
889 2281 973 2336 ἐνδοῖεν
985 2280 1002 2329 Ἰ
1004 2298 1040 2329 ου-
1084 2290 1118 2330 2ο.
1130 2285 1250 2342 Quomodo
1258 2286 1310 2331 Tito
1318 2286 1461 2331 obsidionem
1471 2289 1611 2344 remittente,
1617 2291 1636 2335 si
1643 2290 1718 2335 iorssm
1722 2290 1846 2335 deditionem

297 2354 372 2410 δαῖοι,
384 2350 433 2399 οὐδ’
442 2350 500 2406 θλως
509 2350 706 2413 ίμαλσκίσθησαν·
722 2351 758 2399 διδ
770 2350 837 2399 πάλιν
850 2352 957 2413 ὥρμησεν
969 2350 1000 2405 είς
1014 2348 1040 2396 τὸ
1111 2356 1209 2401 iacerent
1226 2355 1307 2410 iudei,
1326 2356 1359 2401 iiii
1373 2368 1401 2401 oe
1418 2358 1538 2402 minimum
1556 2360 1653 2414 quidem
1666 2361 1758 2405 emolliti
1775 2361 1845 2404 erunt:

296 2422 436 2485 πολιορκεῖν.
1109 2438 1156 2481 ouo
1167 2425 1250 2471 iccium
1262 2427 1377 2471 utiterum
1389 2426 1529 2472 obsidioocm
1542 2433 1642 2483 urgeret.

266 2493 312 2549 κς·’.
325 2492 462 2554 Παραίνεσις
469 2490 588 2547 ’Ἰωσήπου
597 2490 653 2552 πρδς
663 2491 716 2547 τούς
728 2491 869 2553 ὁμοφύλους,
881 2490 904 2545 tc
917 2489 944 2548 ής
958 2491 1040 2539 πολλοὶ
1084 2498 1117 2539 to.
1128 2494 1218 2549 tosephi
1228 2494 1256 2538 ad
1266 2496 1385 2550 populares
1395 2506 1449 2539 suos
1457 2495 1592 2550 muminito,
1603 2509 1650 2553 oua
1658 2497 1722 2542 multi
1734 2496 1812 2554 eptebe
1820 2496 1844 2538 ad

238 2619 242 2626 Ι
296 2562 696 2625 ταῦδήμαυαύιομολεῖνῶρμησαν.
1110 2562 1306 2619 transfugiendum
1316 2564 1402 2609 incitati
1414 2570 1486 2611 eraut.
1861 2602 1863 2607 ,

266 2631 306 2689 κζ’.
318 2632 400 2687 'Onus
411 2633 472 2694 λιμῷ
480 2648 505 2679 τε
516 2632 612 2685 καὶτοῖς
621 2631 644 2685 te
655 2630 726 2678 αὐτοῦ
736 2630 867 2692 χαλεποῖςδ
879 2630 951 2691 δῆμος
961 2628 1040 2687 άνήιιε·
1084 2639 1117 2678 27.
1134 2634 1256 2687 Quomodo
1272 2634 1354 2678 iomem
1366 2638 1388 2679 et
1403 2636 1463 2680 mata
1480 2635 1534 2681 toric
1548 2638 1683 2692 grsvbsimu
1692 2640 1738 2683 sice
1747 2636 1843 2682 levamine

297 2718 343 2751 στα
353 2701 465 2763 ἔπασχεν.
1109 2714 1190 2758 passus
1201 2705 1352 2757 estpoputus.

266 2771 310 2827 κη’.
325 2770 408 2825 Ὅπως
420 2770 488 2823 Τίτος
498 2769 550 2824 τούς
564 2768 601 2816 ini
617 2767 740 2830 λαχανείαν
756 2768 855 2824 ἐξιόντας
873 2766 1039 2828 άναλαμδάνων
1083 2776 1116 2814 28.
1129 2770 1250 2825 Quomodo
1263 2772 1328 2815 Titus
1341 2772 1449 2816 crucibus
1462 2784 1500 2817 coe
1518 2773 1647 2830 mulgebat,
1661 2774 1701 2830 qui
1716 2773 1772 2829 cupit
1788 2774 1842 2815 erent

295 2838 443 2900 ἀνεσταύρου·
450 2838 489 2885 καὶ
496 2837 628 2899 οίτύραννσι
635 2838 691 2899 πρὸς
697 2838 767 2899 τῷμή
775 2836 934 2891 ἐνδοῦναιτσύς
940 2837 1039 2893 οἰκείους
1109 2838 1164 2883 dum
1176 2839 1204 2884 ad
1212 2841 1274 2884 ciera
1283 2841 1410 2895 corrigenda
1423 2843 1526 2898 exirent3
1539 2847 1609 2899 sique
1622 2845 1719 2900 tyranni.
1731 2842 1842 2897 nequisse

295 2913 342 2957 τῶν
359 2908 504 2969 αὐτομόλων,
521 2906 558 2955 tari
574 2911 616 2954 τοῦ
626 2906 716 2968 τοίχους
732 2906 825 2966 ἄγοντες
837 2907 990 2967 ἐπεδείκνυον,
1008 2911 1039 2963 ὡς
1108 2908 1211 2963 dederet,
1222 2909 1391 2965 usnsiugrrum
1401 2910 1522 2955 inmitiares
1532 2911 1560 2955 ad
1572 2925 1652 2957 muros
1662 2913 1770 2963 ducentes,
1779 2913 1841 2953 osten·

295 2972 343 3026 τῶν
354 2977 487 3038 αὐτομόλων
498 2980 594 3025 τοιαῦτα
608 2977 671 3037 παρὰ
687 2976 810 3037 Ῥωμαίων
825 2976 1001 3039 παρασχόντων·
1017 2974 1039 3033 ἐξ
1108 2977 1362 3031 (ίοδυιιίσίισευοίθιιον,
1372 2980 1438 3035 quasi
1445 2980 1568 3036 transfugo
1575 2982 1620 3027 hoo
1628 2984 1701 3039 ipsum
1709 2981 1840 3035 paterentur:

295 3047 323 3096 οὐ
335 3048 375 3095 καί
384 3048 463 3096 πολλοὶ
473 3048 603 3109 ἀπέσχοντο
611 3050 653 3093 τοῦ
665 3046 799 3107 αὐτομολεῖν
808 3046 851 3101 ἕως
859 3048 886 3095 ab
896 3047 976 3103 ἀληθὲς
986 3048 1038 3109 tpa-
1109 3046 1169 3091 unde
1183 3046 1249 3090 mutii
1259 3057 1272 3090 a
1281 3044 1334 3102 iuga
1347 3046 1501 3103 abstinebant,
1517 3049 1591 3094 donec
1600 3052 1706 3095 certiores
1717 3046 1767 3092 iacit
1775 3046 1840 3088 essem

295 3120 343 3165 opp,
1108 3116 1138 3158 de
1149 3114 1180 3157 rei
1188 3114 1288 3158 veritate.

264 3186 305 3237 κδ’.
321 3188 377 3250 Περί
389 3185 505 3249 Ἀντιοχου
515 3190 557 3235 τοῦ
572 3186 722 3248 Ἐπιφανοῦς,
733 3186 773 3233 καὶ
789 3183 829 3233 σία
844 3184 912 3240 αὐτός
927 3200 952 3233 τε
964 3187 1003 3234 καὶ
1016 3188 1037 3235 οι
1082 3190 1115 3229 νυ.
1128 3185 1159 3227 ba
1172 3184 1284 3229 Antiocho
1301 3184 1431 3241 Epiphane.
1445 3197 1472 3231 ac
1481 3196 1586 3241 cuonem
1604 3188 1652 3245 ipse
1660 3198 1711 3231 cum
1720 3184 1763 3229 suis
1774 3192 1840 3239 passus
1899 3232 1900 3243 γ

294 3258 343 3320 μεθ’
355 3258 425 3305 αὐτοῦ
437 3257 529 3304 ἔπαθον.
1107 3256 1147 3297 est.

263 3328 289 3377 λ’.
305 3329 386 3383 ὀπως
395 3327 500 3377 Ἰουδαῖοι
516 3323 902 3387 commensuritionem&
920 3324 1036 3386 κώματι,
1082 3338 1118 3379 sc.
1135 3336 1336 3393 Quomoooruoaer
1347 3348 1391 3393 ops
1399 3338 1557 3383 mansurarum
1572 3339 1837 3395 pmrprnmnrrmoe:

293 3398 332 3446 sat
344 3396 411 3444 πάλιν
422 3394 545 3456 Ῥωμαίων
560 3394 724 3456 προσαγόντων
740 3396 781 3450 τὰς
793 3393 898 3455 μηχανὰς
913 3394 1037 3449 iustitiis*
1106 3414 1223 3459 quumque
1233 3406 1329 3450 Romani
1337 3406 1418 3451 iterum
1427 3405 1544 3450 machinas
1552 3406 1706 3457 adduxissent,
1713 3402 1787 3458 εςνοωί
1796 3398 1838 3442 ¹¹¹³!

292 3482 328 3521 τοι
339 3466 465 3528 ίνέπρηοον
483 3464 561 3520 αὐτοῖς·
575 3465 629 3512 ἔνθα
644 3466 684 3513 καὶ
701 3464 763 3511 κατὰ
778 3467 844 3525 χοῖροι
855 3464 1036 3524 συμπλακέντων
1106 3472 1271 3519 incenderunt:
1281 3473 1320 3517 ubi
1329 3484 1401 3529 qaum
1410 3473 1439 3518 ad
1447 3476 1600 3519 nicomedem
1610 3478 1700 3519 ventum
1708 3472 1768 3523 esset,
1778 3465 1837 3511 mutis

293 3534 407 3593 ἀλλήλων,
419 3533 489 3589 πολύς
499 3533 637 3593 ἑκατέρωθεν
647 3531 713 3593 ρὸνος
722 3530 820 3591 ἐγένετο·
1107 3542 1216 3597 utrinque
1228 3541 1286 3587 tacta
1296 3546 1344 3587 erst
1355 3543 1435 3587 credes.

263 3603 305 3652 λα’·
319 3605 456 3658 Ὀπωςτων
472 3601 589 3664 χωμάτων
604 3601 806 3659 νοοονονθὲντων,
823 3600 899 3660 Τίτος,
912 3599 1036 3661 fiotum&-
1079 3612 1113 3653 ³¹.
1123 3608 1244 3665 Quomodo
1253 3610 1372 3665 aggeribus
1381 3611 1486 3664 accensis,
1496 3612 1569 3665 Titos,
1578 3622 1652 3667 ouum
1662 3610 1728 3655 duam
1742 3602 1834 3651 inconsi-

292 3688 359 3734 μενος
376 3677 423 3728 τοῖς
438 3670 552 3732 hispidi,
568 3670 609 3727 τὴν
623 3670 688 3719 πόλιν
701 3669 866 3731 περιετείχισε,
881 3668 921 3716 καὶ
935 3670 1036 3731 χώματα
1106 3677 1162 3722 tium
1172 3677 1323 3733 adhibuisset,
1335 3679 1386 3724 urbi
1398 3691 1490 3725 murum
1502 3679 1662 3733 circumdedit,
1682 3684 1796 3729 rursusque
1805 3680 1835 3723 οέ·

292 3740 355 3797 αὖθις
367 3742 492 3803 ἀνήγειρεν,
1107 3755 1171 3800 geres
1180 3746 1294 3791 excitavit.

261 3810 302 3861 λδ.
320 3812 445 3875 Ἔκρρασις
461 3815 508 3857 τῶν
525 3810 586 3857 κατὰ
600 3811 642 3867 τήν
659 3809 726 3857 πάλιν
745 3805 916 3869 λιμωττόντων,
938 3808 978 3855 καί
990 3807 1035 3855 ὅσα
1078 3816 1114 3857 ορ.
1129 3814 1351 3860 Fameiaborantium
1358 3816 1601 3869 misertadcscribttur,
1611 3808 1834 3869 nomiomacensis

291 3880 337 3937 ὐπὸ
347 3897 373 3929 τε
381 3886 422 3929 τοῦ
435 3881 503 3940 λιμοῦ
510 3882 607 3927 καὶτῶν
619 3879 767 3928 στασιαστῶν
777 3880 791 3926 δ
802 3878 871 3939 δῆμος
884 3876 1003 3938 ὐπέμενεν.
1105 3881 1164 3926 maia
1173 3894 1201 3927 ex
1214 3882 1272 3927 inme
1283 3886 1306 3928 et
1315 3883 1428 3929 seditiosis
1437 3885 1546 3930 sustinuit
1557 3886 1629 3942 plebs.

261 3948 302 4011 λγ’.
319 3951 375 4012 Περὶ
387 3950 491 3999 Ματθίου
499 3954 540 3998 τοῦ
548 3948 747 4012 είσαγαγόντοςείς
754 3948 901 4008 Ἰεροσόλυμα
910 3947 1035 4009 τδντύραν-
1078 3956 1111 3996 ou.
1124 3953 1157 3995 De
1167 3952 1267 4006 hiatthtn,
1277 3954 1317 4008 qui
1326 3954 1348 3997 in
1359 3954 1515 4009 Hierosolyma
1523 3954 1651 4001 introdusit
1658 3949 1834 4001 stmooemryrsn·

291 4034 330 4067 νσν
342 4019 444 4080 Σίμωνα·
456 4020 537 4073 saisiri
549 4017 617 4072 οὗτός
627 4033 652 4065 το
663 4019 702 4067 sat
713 4018 777 4064 ἄλλον
787 4016 866 4063 πολλοὶ
878 4021 925 4063 οων
936 4017 1034 4077 iiiiiiBi
1104 4040 1158 4073 oum
1170 4044 1175 4075 ι
1186 4033 1207 4075 et
1216 4030 1331 4085 quomodo
1345 4032 1393 4087 ipse
1402 4032 1488 4088 aliique
1499 4032 1564 4077 muiti
1577 4033 1687 4078 nobiiium
1698 4028 1726 4073 ab
1740 4036 1764 4070 σο
1778 4024 1833 4067 inter·

291 4090 330 4137 ὑπ’
343 4088 414 4143 atero
423 4089 574 4151 ἀνῃρέθησαν,
586 4088 624 4135 ὅτε
633 4088 672 4135 καί
684 4088 698 4135 ὁ
708 4091 750 4135 τοῦ
761 4085 877 4143 Ἰωσήπου
888 4086 964 4147 πατήρ
973 4086 996 4133 o
1005 4092 1034 4148 τῇ
1103 4098 1173 4152 empti
1192 4100 1263 4149 erooi,
1274 4099 1367 4153 orraodo
1383 4102 1405 4144 et
1419 4099 1511 4155 iosepbt
1527 4104 1614 4157 patrem
1630 4102 1653 4145 io
1667 4094 1783 4143 custodiam
1790 4098 1833 4133 οοο·

290 4160 379 4221 φυλακή
390 4159 545 4219 συγκλεισθεὶς
555 4156 697 4217 ἐφυλάττετο.
1103 4166 1191 4210 ciosum
1203 4166 1316 4212 tenebant.

260 4230 301 4277 λδ.
317 4229 399 4285 Ὅπως
409 4229 497 4283 Ἰούδας
509 4244 543 4282 nt
556 4232 602 4275 τῶν
614 4230 655 4274 τοῦ
668 4227 770 4287 Σίμωνος
781 4224 901 4286 ὑπάρχων,
914 4225 1033 4286 προδιδοὺς
1077 4238 1110 4277 οι.
1121 4233 1314 4289 Quomodotudss
1324 4234 1482 4289 quidumunus
1490 4246 1503 4279 e
1511 4236 1622 4292 proiectis
1630 4232 1732 4281 simonis.
1743 4234 1804 4283 ouum
1812 4222 1830 4263 in

291 4299 331 4348 τδν
346 4301 528 4360 τετυπωμένον
546 4296 631 4359 πύργον
652 4301 687 4358 τῷ
697 4296 774 4358 Τίτῳ,
789 4294 843 4358 πρὶν
857 4294 940 4358 πρᾶξαι
951 4296 981 4343 τὰ
992 4299 1033 4344 τοῦ
1103 4314 1130 4347 eo
1139 4305 1197 4347 esset
1213 4305 1238 4348 ut
1254 4305 1336 4348 turrim
1353 4305 1396 4348 sibi
1412 4304 1520 4352 creditam
1535 4306 1588 4349 Tito
1603 4303 1711 4359 proderet,
1726 4290 1831 4353 apposni

291 4374 382 4418 σκοποῦ
393 4370 480 4417 ἁλῶναι
492 4368 598 4428 coms.
1103 4370 1236 4426 priusquam
1247 4372 1364 4425 perticeret
1374 4372 1396 4417 id
1406 4374 1467 4428 qood
1478 4376 1634 4428 proposuerat.
1817 4423 1820 4433 Ι

260 4438 297 4486 λε’.
310 4440 391 4495 ὀπως
400 4438 516 4495 Ἰώσηπος
526 4436 595 4485 πάλιν
604 4441 721 4499 παραινῶν
736 4439 784 4489 τοῖς
795 4433 898 4487 πολίταις
910 4433 1032 4490 πλήττιται
1076 4441 1109 4483 ³5.
1124 4438 1245 4495 Quomodo
1257 4439 1377 4496 Iosephus,
1386 4440 1441 4485 dum
1453 4442 1538 4485 iterum
1546 4442 1607 4485 cives
1616 4436 1773 4485 adhortaretur.
1784 4427 1829 4479 hpr·

289 4508 362 4570 λίθῳ,
370 4509 411 4557 καί
422 4509 454 4563 ὡς
470 4507 507 4555 tm
526 4506 602 4568 τούτῳ
621 4505 771 4568 ταραχθέντες
786 4505 808 4551 ci
828 4508 871 4551 τσῦ
881 4502 955 4565 δήμου
965 4502 1033 4551 πάλιν
1102 4508 1130 4552 dc
1139 4508 1265 4563 percutitur
1275 4523 1281 4551 ι
1291 4512 1361 4564 utque
1370 4520 1398 4559 ex
1406 4520 1432 4555 co
1440 4510 1561 4565 populares
1568 4503 1779 4566 perturbatissime!
1786 4502 1829 4538 111⁰!

289 4576 448 4641 ἀνεθάρσησαν
456 4576 540 4632 ἰδόντες
549 4577 611 4635 opo
1103 4580 1281 4632 resumpserunt,
1293 4577 1332 4621 ubi
1344 4579 1432 4621 satvum
1441 4579 1556 4623 viderunt.

259 4646 302 4701 λς’.
314 4647 361 4695 Oios
369 4648 502 4705 intumum
510 4648 533 4694 οί
545 4644 668 4705 αὐτόμολοι
679 4644 706 4691 έκ
717 4648 758 4693 τοῦ
769 4644 846 4705 λιμοῦ,
857 4641 939 4697 smine
950 4647 1032 4705 τρορής
1076 4651 1109 4691 to.
1125 4648 1233 4700 Quaenam
1244 4646 1344 4701 perpessi
1355 4650 1409 4691 sunt
1424 4646 1545 4701 transibam
1556 4657 1584 4691 ex
1594 4646 1651 4691 tome
1664 4640 1736 4687 statim
1745 4634 1790 4679 οίοο
1800 4638 1828 4671 ff·

289 4717 455 4779 κορνννίμινσι·
467 4720 490 4766 ot
500 4718 524 4765 dt
534 4718 575 4765 καί
590 4715 777 4778 άνατχιῑόμενοι,
788 4716 820 4770 ὡς
828 4713 914 4776 χρυσδν
924 4706 987 4761 ἔνδον
993 4714 1032 4775 ρι’·
1104 4714 1158 4769 pteti
1170 4726 1176 4756 ι
1186 4714 1337 4768 nonnutttque
1347 4714 1433 4758 discissi
1444 4718 1522 4769 ernot,
1538 4726 1565 4759 ac
1580 4715 1598 4758 si
1616 4720 1695 4757 aurum
1707 4708 1763 4752 intui
1773 4694 1828 4743 hit*

289 4800 374 4848 possse.
1103 4784 1160 4827 rear.

259 4855 298 4912 λζ.
312 4854 399 4911 ὀπως
407 4856 537 4913 Ἰωάννηςδ
548 4856 654 4918 τύραννος
664 4860 711 4922 τοῖς
723 4856 791 4917 ἱεροῖς
806 4853 913 4903 σκεύεσιν
930 4854 962 4908 εἰς
972 4852 1031 4901 ἰδίαν
1075 4865 1108 4905 ³7.
1124 4859 1244 4911 Quomodo
1254 4860 1351 4904 toahnes
1361 4862 1472 4914 tyrannus
1482 4870 1536 4905 essa
1545 4870 1608 4905 sacra
1616 4848 1755 4903 convertebat
1768 4836 1826 4887 ΙοθΙΙ

289 4925 362 4973 τικαί
373 4928 477 4987 sospes*
490 4926 561 4974 αὐτοῦ
572 4924 870 4987 ιύπάδειανκατεχρήσατο.
1100 4928 1336 4983 suorumqoeiuxum.

259 4993 527 5125 Mistznmar‘gigm
538 4999 578 5052 τῆς
586 4994 674 5050 πόλεως
685 4994 757 5050 ιιύλης
766 4995 841 5055 νεκροὶ
850 4992 1031 5053 έῑεκομίσθησαν
1075 5000 1115 5109 ³⁸¹.)
1116 4998 1184 5111 3¹:13}
1194 5000 1278 5044 mortui
1289 5010 1317 5043 ex
1328 5008 1373 5045 una
1383 4998 1447 5044 orbis
1454 5002 1521 5054 ports
1531 5000 1590 5044 inira
1601 4997 1658 5086 duos
1671 4994 1752 5036 ωοοοοο
1759 4976 1826 5023 ‘sim‘

566 5232 721 5253 -οου-
1395 5228 1551 5252 40-
