3825 6059
72 468 169 545 (nasu.)

98 598 124 655 δ’.
146 594 310 675 Ἀντίπατρος
324 596 350 655 δὲ
367 597 488 675 Καίσαρα
503 598 659 680 προπέμψας
672 602 700 658 ἐκ
713 606 758 671 τῆς
769 604 821 660 Συ·

70 686 112 763 ρίας
123 686 154 749 εἰς
165 683 295 741 Ἰουδαίαν
312 684 477 765 ὑπέστρεψεν.
494 687 544 759 Καὶ
557 690 658 765 πρῶτον
670 686 717 763 μὲν
729 689 759 747 τὸ
773 697 825 747 τεῖ-

69 796 104 851 χος
112 770 261 847 ἀνεδείματο
269 775 316 839 τῆς
325 772 448 851 πατρίδος
459 773 509 830 ὐπὸ
518 774 656 848 Πομπηίου
665 798 825 854 κατεστραμ·

57 860 139 934 aniana,
152 857 196 915 καί
212 856 272 923 τούς
287 856 337 914 α’νδι
351 858 398 928 τήν
410 856 499 937 χώραν
514 860 634 939 θορύὸους
651 862 731 919 ε’πιύιν
747 862 825 919 κατέ-

33 972 36 1015 ,ι
51 962 60 998 ι
69 948 165 1013 στιλλεν,
175 944 317 1015 ἀπειλητὴς
325 942 380 1019 ἅμα
394 947 438 1003 καὶ
448 945 593 1022 σύμῦουλος
603 944 638 1005 διν
649 946 776 1016 ἑκάστοις,
786 946 826 1006 δτι

32 1022 35 1075 ἰ
68 1034 93 1091 τί
105 1032 147 1108 μὲν
159 1032 287 1111 Ὑρκανοῦ
299 1039 449 1111 φρονοῦντες
460 1037 486 1091 ἐν
498 1033 569 1113 σ’λδῳ
586 1034 630 1091 καί
645 1036 702 1093 καθ’
715 1039 826 1113 ήσυχίαν

31 1148 33 1177 ι
70 1120 203 1199 βιώσονται,
215 1122 267 1177 τῶν
281 1142 309 1177 τε
326 1120 396 1183 ἰδίων
413 1120 554 1195 κτημάτων
566 1121 610 1179 καὶ
625 1126 712 1191 κοινῆς
726 1122 827 1202 εἰρήνης

30 1180 33 1245 ί
70 1204 232 1270 ἀπολαύοντες·
248 1207 271 1261 εἰ
285 1202 312 1261 δί
326 1204 455 1263 πείθοιντο
472 1214 529 1272 ταῖς
543 1210 613 1285 ψυχρ
615 1214 654 1280 αῖς
668 1207 809 1266 linior*
776 1232 826 1265 τιιν

29 1311 30 1389 γ
70 1316 131 1350 arsur
134 1293 207 1371 ρίζειν
225 1291 268 1350 ε’πί
288 1289 333 1371 κίρ
335 1292 404 1349 δεσιν
423 1292 487 1351 οἰκε’
466 1300 570 1359 Ιιοιςθ
545 1294 690 1365 ἐθελόντων,
709 1294 785 1353 αὐτόν
799 1318 827 1353 τι

44 1394 60 1429 ιι
51 1380 219 1483 Ιπειράσουσιν
241 1378 297 1435 σἰντι
320 1378 461 1454 κηδεμόνος
481 1380 609 1451 δεσπότην
632 1380 676 1437 καί
699 1381 827 1461 Ὑρκανον

71 1472 107 1523 ίιτ
109 1492 115 1523 ι
107 1462 298 1544 βασιλεως
269 1487 401 1543 τυραννον,
418 1464 566 1541 Ῥωμαίους
582 1488 610 1541 γε
631 1464 683 1541 μήν
700 1468 744 1523 καί
762 1466 827 1525 Καί-

26 1576 27 1609 i
71 1577 127 1631 τερα
148 1552 285 1627 πολεμίους
304 1554 358 1609 ἀνθ’
378 1552 512 1629 ἡγεμόνοιν
534 1552 577 1609 καί
600 1552 689 1631 ρίλων·
718 1556 746 1611 οὐ
776 1554 827 1633 γάρ

25 1640 26 1675 ί
71 1640 188 1705 α’νίξεσθαι
200 1638 416 1715 μετακινούμενον
433 1642 461 1697 ἐκ
475 1644 520 1709 τῆς
539 1638 640 1716 ἀρχῆς,
649 1640 676 1697 δν
690 1640 762 1698 αὐτοὶ
776 1664 827 1698 κα-

24 1776 26 1783 .
70 1726 193 1795 τίστησαν.
233 1724 263 1784 Ἄ
269 1748 306 1801 μα
317 1726 344 1783 δὲ
358 1732 440 1783 ταῦτα
451 1726 532 1803 λε’γων
545 1728 577 1783 δι’
585 1730 675 1785 ίαυτοῦ
688 1728 828 1787 καθίστατο

41 1828 58 1865 ιι
69 1814 107 1882 τήν
120 1814 215 1893 χώραν,
229 1817 294 1893 δρῶν
306 1814 349 1871 τδν
364 1812 490 1893 Ὑρκανὸν
504 1818 572 1883 νωθῆ
590 1814 676 1871 τεκαὶ
694 1814 826 1892 βασιλείας

67 1900 221 1979 ἀτονώτερον.
264 1900 408 1969 Φασάηλον
421 1900 467 1975 μὲν
480 1899 524 1969 δὴ,
536 1904 587 1957 τῶν
599 1902 698 1957 παίδοιν
709 1900 752 1957 τὸν
767 1924 826 1979 πρε·

68 1986 191 2058 αόύτατον,
208 1987 397 2065 Ἱεροσολύμων
414 1986 458 2044 καί
473 1990 524 2043 τῶν
538 1986 611 2064 πέριξ
625 1986 769 2067 στρατηγὸν
784 2010 828 2045 κα·

68 2074 166 2145 θίστησι·
185 2075 228 2133 τὸν
250 2073 278 2132 δὲ
297 2074 353 2149 μετ’
374 2073 449 2132 αὐτὸν
474 2072 603 2181 ῚΙρώδην,
626 2074 668 2131 ἐπὶ
690 2076 742 2141 τοῖς
764 2075 828 2141 ἴσοις

67 2162 167 2219 ἔστειλεν
181 2161 255 2229 εἰς
227 2186 275 2231 την
285 2161 428 2221 Γαλιλαίαν
443 2162 537 2238 κομιδῇ
552 2161 616 2220 νέον.

38 2262 58 2299 ll
98 2250 128 2307 e'
148 2248 253 2320 Ὁδέ,
236 2274 273 2307 ων
283 2248 356 2329 φύσει
368 2247 566 2353 δραστήριος,”
542 2268 605 2319 υιην
614 2248 738 2315 εὐδίοις
716 2249 827 2331 ευρίσκιι

67 2336 260 2440 τῷρρονήματι.
302 2326 524 2394 Καταλαδὼνούν
546 2334 706 2402 Ἐζεκίαν
684 2359 727 2393 τον
749 2338 825 2415 ἀρχι-

67 2422 200 2499 λιγστήν,1
176 2446 207 2478 τα
221 2445 301 2503 προσ-
290 2426 383 2500 εχῆτῇ
397 2424 478 2501 Συρία
491 2420 684 2502 κατατρέχοντα
701 2424 785 2499 μετὰ
781 2448 827 2481 αε-

65 2509 143 2651 γίστου
155 2508 267 2589 στίιρους,
279 2508 355 2565 αὐτόν
367 2531 394 2565 τε
405 2506 568 2565 ουλλαδὼν’
554 2508 700 2567 αποκτείνει
709 2532 753 2567 και
745 2510 827 2567 πολ-

66 2597 177 2662 λούςτιῗιν
189 2599 302 2675 λῃστῶν·
323 2595 337 2653 δ
358 2594 389 2665 δή
409 2595 526 2671 μάλιστα
542 2600 593 2661 τοῖς
616 2595 707 2675 Σύροις
725 2595 824 2675 κατώρ-

38 2700 56 2735 ιι
66 2688 120 2741 θιικε
132 2680 327 2763 κεχαρισμένον.
369 2682 492 2758 Ὑμνεῑτο
505 2688 565 2759 γοῦν
575 2684 624 2740 ἀνά
639 2706 665 2740 τε
679 2683 724 2750 τὰς
736 2684 828 2760 κώμας

66 2772 102 2827 καί
114 2774 140 2829 ἐν
152 2780 206 2835 ταῖς
230 2770 335 2828 πόλεσιν
356 2768 495 2846 Ἡρώδης,
513 2773 547 2836 ώς
570 2773 605 2835 εἰς
625 2770 728 2851 εἰρήνην
743 2774 827 2839 αὐτοῖς

66 2858 143 2934 παρών
161 2857 204 2915 καί
221 2856 268 2921 τύς
293 2854 396 2925 κτήσεις
415 2854 595 2921 ἀνασεσωκώς.
636 2856 738 2915 Γίνεται
760 2856 781 2914 δ’
799 2860 827 2915 ἐκ

65 2948 143 3001 τούτου
166 2946 209 3001 καί
233 2943 321 3023 Σέξτῳ
342 2942 454 3022 Καίσαρι
474 2941 616 3021 γνώριμος,
638 2944 691 3002 όντι
712 2952 827 3022 συγγενεῖ

64 3034 101 3086 τοῦ
123 3030 234 3107 μεγάλου
260 3028 404 3107 Καίσαρος,
426 3027 471 3085 καί
494 3030 629 3087 διοικοῦντι
650 3028 698 3101 τήν
718 3030 825 3109 Συρίαν.

34 3130 54 3167 ιιι
67 3116 125 3193 Ιίρίις
136 3116 162 3174 δὲ
174 3116 216 3175 τὸν
233 3116 342 3196 α’δελρδν
354 3117 534 3192 εὐδοκιμοῦντα
550 3116 595 3173 καί
609 3117 752 3187 Φασάηλος
766 3120 826 3196 ἐρι-

63 3203 180 3277 λστιμιιτο
196 3201 242 3272 τήν
261 3202 360 3279 ἀγαθήν
380 3202 442 3281 ἔριν,
461 3204 519 3270 τούς
532 3208 558 3262 ἐν
572 3212 625 3270 τοῖς
639 3202 826 3284 Ἱεροσολύμοις

64 3291 229 3369 εὐνουστέρους
241 3292 443 3365 καθιστάμενος,
454 3292 497 3349 καί
510 3290 542 3348 δι’
555 3294 632 3349 αὐτοῦ
646 3290 692 3367 μὲν
704 3290 770 3370 ἔχων
779 3288 826 3361 τήν

62 3376 136 3450 πόλιν,
147 3380 225 3453 μηδὲν
236 3382 258 3437 δ’
268 3380 487 3458 ἀπειροκάλωςείς
495 3378 542 3449 τήν
553 3378 669 3445 ἐξουσίαν
680 3378 824 3458 ἰξυῦρίζων.

62 3460 144 3523 Ἔνθεν
164 3465 325 3545 Ἀντιπάτρῳ
345 3466 468 3544 θεραπεία
481 3488 511 3523 τε
524 3458 555 3537 ἦν
569 3468 599 3523 ἐκ
612 3472 657 3525 τοῦ
671 3466 755 3533 ἔθνους
777 3472 825 3547 βα-

30 3572 50 3607 aa
61 3552 138 3623 σιλιιιή
150 3597 158 3628 ,
169 3553 213 3611 καί
222 3552 299 3629 τιμαὶ
310 3550 381 3632 παρίι
395 3553 499 3609 πάντων
511 3556 547 3619 ὡς
559 3552 669 3631 δεσπότῃ
684 3558 734 3611 τῶν
749 3552 825 3613 δλων·

60 3639 84 3693 οὐ
104 3639 154 3715 μήν
168 3638 243 3705 αὐτδς
260 3644 306 3710 τῆς
326 3642 390 3719 πρὸς
401 3638 528 3718 Ὑρκανὸν
541 3640 640 3708 εὐνοίας
650 3641 667 3711 ἢ
679 3640 789 3707 πίστεώς
801 3664 825 3699 τι

59 3727 226 3809 μετεκίνησεν.

93 3814 125 3879 τ’.
148 3814 294 3893 Ἀμήχανον
313 3816 336 3871 δ’
357 3818 384 3872 ἐν
405 3814 557 3894 εὐπραγίαις
572 3816 662 3897 φθόνον
682 3817 823 3897 διαφυγεῖν.

58 3897 176 3979 ’λ’ριιανύς
192 3908 253 3979 γοῦν
263 3902 313 3974 ήδη
333 3900 380 3977 μὲν
398 3902 442 3960 καί
464 3906 521 3960 καθ’
542 3902 632 3961 ἑαυτὸν
655 3906 742 3981 ἡσυχῆ
763 3904 825 3983 πρὸς

27 4006 46 4041 ιι
57 3986 82 4044 τὸ
96 3988 167 4055 κλέος
179 3994 231 4048 τῶν
246 3988 385 4047 νεανίσκων
407 3990 542 4063 ἐδάκνετο,
563 3990 677 4066 μάλιστα
693 3990 715 4047 δ’
735 3990 824 4047 ἐλύπει

56 4074 85 4129 τά
97 4075 216 4154 Ἡρώδου
230 4076 430 4155 κατορθώματα·
443 4076 487 4133 καί
502 4076 612 4155 κήρυκες
627 4077 768 4144 ἐπάλληλοι
779 4081 825 4147 τῆς

56 4160 106 4217 καθ’
118 4161 225 4221 ἕκαστον
237 4160 348 4229 εὐδοξίας
361 4162 575 4241 προστρέχοντες,
590 4163 681 4221 πολλοὶ
697 4160 724 4221 δὲ
736 4166 787 4221 τῶν
798 4166 824 4221 ἐν

55 4248 100 4313 τοῖς
112 4248 251 4326 βασιλείοις
260 4248 397 4327 βασκάνων
409 4252 533 4328 ἠρέθιζον,
544 4242 580 4313 οἷς
594 4247 610 4319 ἢ
624 4249 654 4307 τὸ
663 4254 713 4307 τῶν
723 4250 823 4307 παίδοιν

55 4332 70 4402 ἢ
82 4335 109 4392 τό
121 4334 292 4413 Ἀντιπάτρου
306 4337 462 4416 σωρρονικύν
474 4338 647 4415 προσίστατο,
662 4336 777 4414 λέγοντες
790 4340 825 4405 ὡς

25 4420 209 4503 ιιλντιπάτρῳ
234 4423 279 4481 καί
302 4426 355 4489 τοῖς
373 4426 435 4490 υἱοῖς
459 4420 535 4481 αὐτοῦ
557 4426 752 4503 παραχωρήσας
772 4427 823 4481 τῶν

54 4508 370 4587 πραγμάτων,·καθε’ζοιτο
390 4510 503 4587 τοῦνομα
517 4510 593 4587 μόνον
608 4511 735 4589 βασιλέως
755 4513 824 4589 ἔχων

53 4595 143 4674 ἔρημοι
164 4597 292 4667 ἐξουσίας·
320 4598 364 4655 καὶ
389 4598 468 4678 μέχρι
489 4603 537 4655 ποῦ
554 4598 749 4669 πλανηθησεται
765 4599 823 4655 καθ

52 4686 136 4743 ίαυτου
151 4688 266 4763 βασιλεῖς
277 4686 435 4766 ἰπιτρίρων,
447 4684 570 4763 οὐδὲγάρ
583 4684 761 4763 εἰρωνεύεσθαι
775 4684 823 4755 τήν

52 4772 189 4851 ίπιτροπην
201 4764 318 4839 αὐτούς
304 4794 342 4830 ετι
352 4772 502 4854 ρανιρους
513 4764 575 4830 δ
550 4796 615 4830 ειναι
608 4709 754 4837 ρδεσπότας
767 4794 821 4828 πα-

23 4879 41 4915 ιι
53 4858 212 4935 ροισαμίνους
226 4860 331 4931 ἐκεῖνον,
351 4858 374 4917 εἰ
386 4883 415 4936 γε
437 4860 539 4965 μήτε’
527 4884 570 4917 εν·
561 4860 678 4925 ,ολδις
650 4882 735 4925 οοντος
756 4882 823 4933 μητε

52 4944 236 5013 ίπιστείλαντος
256 4950 351 5019 αὐτοῦ,
369 4948 507 5014 τοσούτους
525 4946 646 5028 παρὰ
621 4970 665 5005 τον
689 4948 823 5006 Ἰουδαίων

51 5028 122 5104 νόμον
132 5031 261 5112 ἀνῄρηκεν
273 5032 402 5112 Ἡρώδης·
413 5032 450 5107 δν,
461 5036 482 5091 εί
493 5032 529 5111 μή
542 5032 662 5113 βασιλεύς
675 5035 753 5103 ἐστιν,
765 5032 823 5090 ἀλλ’

52 5114 85 5172 ἔτι
99 5118 202 5190 ἰδιώτης
209 5164 216 5192 ,
242 5120 293 5177 δεῖν
310 5121 352 5179 ἐπὶ
367 5120 439 5191 δίκην
456 5122 537 5193 ήκειν,
559 5120 726 5179 ἀποδώσοντα
747 5119 821 5196 λόγον
843 5152 846 5174 ι

542 471 592 529 lli:
613 472 735 531 BELLQ
756 472 838 531 tatu.
861 474 932 532 LlB.
957 478 980 534 l.
1002 477 1083 537 CAP.
1106 478 1141 536 X.

1416 483 1541 560 [rs—72]
1605 497 1639 545 ἰι

902 614 924 660 ι.
945 614 1065 674 antipater
1078 626 1148 672 aero,
1161 612 1263 663 deducto
1277 628 1291 663 e
1303 615 1494 677 syriacorum,
1506 620 1647 669 ιιιιιιιιιισιιι

868 700 976 750 reversus
986 706 1030 752 eat.
1064 705 1093 750 tit
1102 703 1204 765 primum
1213 703 1310 765 quidem
1320 708 1403 767 patrico
1415 720 1518 756 muruaa
1531 711 1642 771 Porrrpcic

870 790 962 840 dirutus
974 792 1070 849 refecit,
1079 798 1104 841 et
1115 793 1231 853 regionem
1243 794 1327 844 obiens
1337 796 1453 845 tumultus
1462 798 1503 859 qui
1515 800 1539 845 in
1548 807 1649 849 eaeraut

870 882 1049 943 compescebat,
1057 884 1142 944 nanim
1154 883 1275 943 minando,
1286 886 1372 945 partina
1381 886 1481 947 siugulis
1490 890 1648 950 consulendo,

857 972 933 1031 ‚lore,
953 972 973 1020 ai
991 972 1022 1020 ab
1039 976 1149 1033 Hyrcano
1160 977 1266 1032 starent,
1284 979 1312 1022 nt
1328 975 1426 1024 feliciter
1435 982 1460 1025 et
1476 978 1557 1038 qrrieto
1572 979 1646 1027 νιιαοι

869 1064 978 1122 agerent,
989 1062 1087 1125 suisque
1096 1064 1166 1113 bonis
1176 1069 1201 1114 et
1212 1078 1270 1126 pare
1280 1066 1403 1114 communi
1412 1068 1534 1128 trueutm3
1544 1070 1581 1116 siu
1592 1079 1655 1117 reru

870 1168 911 1217 epe
922 1168 982 1203 raim
994 1156 1025 1203 nir
1044 1158 1072 1205 iis
1088 1156 1240 1217 ducerentur,
1252 1158 1293 1219 qui
1306 1160 1391 1221 privati
1403 1167 1511 1220 clamatus
1522 1163 1596 1221 gratia
1609 1176 1648 1211 res

871 1260 947 1295 ιιιινιιι
959 1248 1037 1296 moliri
1048 1248 1174 1309 strideant,
1186 1250 1265 1311 ipsum
1276 1256 1413 1311 expertums
1426 1266 1479 1301 esse
1490 1260 1650 1313 procuratore

870 1335 1011 1395 dominnm,
1023 1342 1047 1385 et
1059 1340 1194 1398 Hyrcanum
1207 1354 1250 1402 pro
1262 1354 1314 1400 rege
1328 1346 1470 1401 tyrannum,
1483 1345 1588 1405 itemque
1602 1348 1649 1394 lto·

871 1440 954 1477 ιιιιιιιοι
974 1432 1000 1477 et
1018 1432 1139 1478 camier·
1159 1444 1202 1492 pro
1219 1430 1321 1480 ducibus
1337 1437 1361 1481 ot
1377 1432 1460 1482 amicis
1478 1435 1582 1485 trustes:
1602 1450 1650 1485 nou

871 1520 933 1567 enim
947 1533 1058 1581 passuros
1075 1534 1131 1569 eum
1143 1522 1173 1569 ala
1189 1521 1288 1585 imperio
1301 1522 1463 1585 summoveri,
1477 1504 1551 1588 ηιιοιιιΙ
1561 1529 1647 1577 musti·

871 1611 972 1657 iniissent
994 1611 1048 1673 ipsi.
1081 1616 1158 1674 ιιιηιιε
1181 1614 1251 1662 simut
1271 1628 1299 1662 ac
1315 1615 1361 1664 ista
1375 1614 1476 1675 diceret,
1491 1631 1528 1665 res
1547 1620 1649 1678 regionis

870 1700 933 1748 aolrra
943 1701 1076 1761 ordinavit,
1087 1703 1152 1763 quod
1165 1706 1301 1765 Hyrcanum
1316 1711 1341 1754 et
1352 1706 1483 1767 segniorem
1495 1712 1519 1755 et
1534 1710 1650 1758 remissio·

873 1807 922 1842 rem
936 1792 1109 1854 videretquam
1123 1808 1220 1855 reguiam
1238 1802 1355 1857 posceret.
1388 1800 1419 1845 Et
1437 1798 1577 1847 phasaelum
1596 1801 1649 1862 qni·

871 1884 937 1941 dem,
958 1882 1059 1931 tiliorum
1080 1889 1137 1932 natu
1158 1864 1299 1944 marimum,
1324 1886 1541 1949 Hierosolymorum
1553 1890 1649 1953 agrimro

872 1972 965 2021 lanitimi
980 1974 1120 2035 praelectum
1138 1976 1261 2025 constituit
1278 1992 1285 2025 ε
1305 1976 1422 2027 Herodem
1441 1994 1510 2040 roro,
1527 1980 1560 2028 ιΙΙι
1578 1984 1650 2029 aetaie

871 2066 1023 2128 nmaimum,
1035 2080 1090 2115 cum
1102 2067 1151 2129 pari
1164 2070 1284 2130 potestate
1300 2068 1401 2118 micitia
1417 2070 1555 2129 Gallianum,
1567 2070 1647 2119 orlate-

872 2158 1007 2205 acentulum
1017 2157 1156 2207 admodum.

902 2268 924 2311 ι.
942 2262 985 2311 ille
995 2275 1066 2322 vero,
1077 2267 1160 2312 natura
1172 2266 1247 2313 lactus
1256 2264 1286 2313 ad
1297 2278 1335 2311 res
1348 2264 1478 2325 gerendas,
1491 2264 1571 2313 statim
1584 2265 1647 2313 inre·

871 2352 906 2401 nit
918 2353 1040 2401 materiam
1056 2354 1129 2402 animi
1147 2354 1312 2413 rnagraitudiul.
1333 2358 1497 2416 ltaqueqnum
1513 2354 1650 2403 otleudisset

871 2444 979 2492 tizcciarn
1003 2444 1120 2492 latronum
1143 2446 1244 2503 diacon,
1261 2458 1345 2505 migne
1361 2459 1434 2495 mauu
1457 2446 1557 2495 tinitium
1573 2447 1649 2508 syrio

871 2536 1038 2595 incursantem,
1046 2535 1144 2585 etillum
1152 2536 1352 2585 rractnainterticit
1364 2538 1500 2599 multosque
1514 2538 1647 2586 lenonum:

872 2625 935 2687 quod
943 2639 1000 2676 sane
1010 2627 1112 2675 maxime
1120 2628 1186 2688 Syris
1193 2631 1285 2687 gratum
1295 2628 1414 2689 prostitit,
1424 2628 1531 2691 adeoque
1539 2630 1648 2677 omnium

871 2732 986 2794 sermone
991 2734 1032 2782 per
1042 2721 1108 2767 vicos
1117 2726 1141 2767 ct
1152 2720 1176 2767 iu
1186 2721 1286 2769 urbibus
1295 2719 1485 2769 celelrratnserat
1492 2721 1612 2783 Herodes,
1623 2730 1650 2772 ut
1715 2752 1727 2765 .

870 2812 911 2873 qni
928 2810 1051 2873 prasentia
1063 2825 1106 2861 sna
1118 2826 1199 2875 pacem
1217 2814 1263 2861 iltis
1283 2812 1375 2861 dederit
1390 2815 1414 2861 et
1429 2824 1513 2860 omnes
1525 2811 1650 2861 facultates

870 2904 894 2952 in
907 2909 961 2953 tntu
972 2906 1098 2954 collocarit.
1132 2908 1187 2963 ero
1200 2904 1337 2955 factumest
1352 2911 1378 2954 ut
1389 2906 1460 2953 ctiam
1477 2908 1550 2953 Sexto
1562 2908 1649 2955 casuri

871 2996 1041 3057 innotesceret,
1058 3002 1157 3059 mgnato
1176 2998 1253 3059 nangni
1276 2997 1378 3046 Cnemis
1401 3002 1426 3045 ct
1440 2996 1532 3058 syriam
1550 2996 1649 3045 admini-

870 3090 962 3137 slmnti.
994 3089 1108 3138 Pliasaeto
1119 3094 1198 3137 autem
1208 3104 1263 3137 cum
1271 3089 1342 3137 tratre
1351 3088 1448 3151 gloriam
1457 3088 1545 3151 adepto
1553 3089 1650 3151 pulctua

870 3183 919 3228 erui
930 3182 1064 3239 contentio,
1076 3180 1134 3227 darm
1148 3180 1385 3241 Hierosolymitarnm
1398 3194 1453 3241 erga
1465 3194 1490 3229 se
1503 3180 1648 3230 lienevolco·

870 3272 927 3321 tiam
943 3284 1030 3332 augere
1041 3272 1139 3330 studet,
1149 3275 1177 3320 ut
1187 3272 1229 3332 qui
1240 3271 1322 3319 urbem
1332 3271 1429 3331 orridem
1442 3286 1484 3332 per
1500 3286 1527 3320 ae
1544 3280 1646 3333 regeret,

869 3360 910 3409 sed
921 3361 952 3408 ila
965 3362 991 3408 ut
1003 3359 1059 3407 niluil
1071 3359 1195 3407 introueste
1207 3358 1293 3406 taceret
1309 3361 1426 3420 potestate
1437 3371 1481 3405 sura
1497 3358 1526 3406 od
1545 3359 1646 3408 aliorum

869 3448 980 3514 injmiam
997 3446 1124 3495 almteudo.
1158 3446 1219 3495 ilinc
1239 3444 1360 3505 Αιιιιγιοιοτ
1380 3446 1479 3505 agente
1498 3458 1569 3493 more
1586 3448 1648 3505 regio

868 3531 1064 3586 colebatur.etab
1072 3530 1271 3593 universis,qnasi
1279 3529 1501 3579 omniumdomiuns
1508 3533 1648 3591 exstitisset,

868 3624 1000 3673 trahebatur
1010 3624 1033 3672 in
1044 3623 1139 3672 lionore.
1172 3626 1221 3673 Nec
1231 3628 1307 3671 tarueu
1320 3622 1355 3669 vel
1370 3622 1494 3671 minimum
1509 3623 1619 3673 discessit
1634 3640 1649 3673 a

867 3727 911 3763 sua
921 3728 975 3777 erga
988 3708 1122 3777 Hyrcanum
1134 3712 1181 3765 oue
1191 3716 1215 3765 ct
1227 3712 1408 3765 beucrotmtia.

898 3826 921 3868 ιι.
940 3822 1029 3868 Verum
1042 3819 1092 3869 deri
1104 3833 1152 3869 non
1163 3822 1242 3882 puteal
1254 3824 1281 3869 ut
1293 3816 1408 3890 invidiam
1423 3822 1551 3882 quisquam
1568 3820 1592 3867 iu
1612 3832 1646 3867 ac·

868 3911 952 3959 cundia
964 3910 1035 3959 τεθυι
1044 3912 1150 3973 οιιιιςιοι.
1184 3915 1245 3961 tiam
1256 3914 1392 3974 Hyrcanum
1404 3910 1501 3973 quidem
1512 3911 1589 3971 insmn
1598 3911 1646 3970 jana

868 4002 922 4047 ante
934 3999 1005 4047 tacite
1014 3999 1139 4049 mordebat
1148 3999 1264 4059 juvenum
1277 3999 1363 4059 gloria,
1375 3999 1527 4059 maximeque
1539 3999 1645 4046 animum

868 4086 919 4148 ejus
932 4086 1092 4136 sollicitabant
1104 4100 1142 4136 rea
1150 4088 1181 4135 eir
1191 4086 1285 4135 Herode
1294 4086 1405 4149 preclare
1414 4090 1487 4147 gestae
1498 4101 1505 4133 ι
1517 4086 1648 4147 instrueret

867 4173 942 4221 crebri
953 4172 1034 4221 nuncii
1045 4173 1115 4221 bonae
1124 4172 1248 4235 utriusque
1257 4173 1328 4221 lamae
1343 4186 1405 4220 ranna
1415 4172 1488 4219 alium
1501 4184 1646 4233 preeminen-

869 4264 918 4320 tes,
933 4260 1001 4308 ιιιιιιιι
1013 4260 1086 4309 ctiam
1101 4260 1125 4308 in
1140 4260 1203 4319 regia
1219 4259 1292 4307 invidi
1311 4264 1336 4308 et
1353 4260 1527 4307 obtrectatores
1537 4258 1647 4307 stimulos

867 4346 1040 4409 subjiciebant,
1051 4346 1139 4409 quibua
1148 4352 1191 4395 aut
1200 4346 1316 4408 Antipatri
1331 4352 1372 4395 out
1383 4346 1484 4394 liliorum
1498 4344 1550 4403 airas
1563 4344 1643 4391 obsta·

868 4432 907 4481 bat
916 4434 1163 4497 prrrdentia‚diccntes
1178 4434 1243 4495 ηιιοιι
1256 4434 1379 4495 antipatro
1388 4430 1645 4494 ejrraqoetiliiscedens

868 4534 946 4569 rerum
957 4521 1173 4574 administratione,
1184 4520 1278 4571 eederet
1288 4520 1349 4579 rugis
1357 4518 1435 4567 aulum
1444 4530 1530 4566 norraeu
1541 4517 1645 4574 liabens,

866 4607 969 4669 idque⁸
950 4621 1000 4655 arne
1011 4609 1076 4655 omni
1090 4611 1229 4669 potestate·
1237 4611 1263 4657 et
1270 4618 1418 4667 quousque
1404 4605 1428 4651 ιιι
1438 4616 1517 4651 errore
1526 4603 1556 4651 sit
1568 4616 1645 4651 sersa-

868 4701 936 4744 turus
938 4695 1050 4755 ‚regesin
1058 4695 1096 4742 aui
1104 4693 1231 4755 nrmiciem
1241 4690 1483 4741 nutrieosineceuim
1492 4703 1534 4739 cos
1543 4692 1645 4753 actulius

867 4782 978 4830 siniulare
985 4780 1189 4843 proerrrationem,
1199 4779 1241 4828 aed
1250 4778 1387 4828 naanilestos
1396 4782 1450 4827 esde
1457 4777 1567 4826 dominos
1574 4777 1644 4839 ,ipso

867 4868 1009 4929 deturbato,
1020 4869 1039 4917 si
1052 4868 1148 4929 quidem
1160 4866 1278 4926 Herodes,
1294 4878 1370 4927 neque
1379 4866 1430 4914 νιιιο
1441 4864 1645 4925 mundationeque

867 4957 939 5005 literis
948 4956 1129 5018 deluctantem
1139 4954 1316 5004 multitudinem
1324 4958 1407 5002 contra
1416 4954 1491 5015 legem
1501 4956 1514 5003 ι
1518 4952 1641 5002 udaeorum

866 5045 1023 5105 interfecerim
1033 5056 1149 5106 eumque,
1159 5043 1179 5092 ai
1187 5042 1236 5104 jam
1247 5055 1345 5104 regnum
1356 5056 1403 5091 nou
1413 5045 1504 5102 teneat,
1514 5040 1555 5090 aed
1565 5038 1643 5087 adlmc

867 5136 972 5196 priuatus
980 5134 1024 5193 sit,
1034 5132 1186 5193 adjudicium
1198 5133 1276 5180 venire
1284 5130 1382 5188 rlelacre,
1394 5131 1510 5179 rationem
1522 5133 1547 5176 et
1560 5125 1642 5187 lusici
