3825 6059
283 462 341 511 sno
381 450 525 530 (ιωηιιιι.)

281 608 293 631 α
309 581 364 658 μετ’
378 584 406 639 ὠ
417 580 483 639 πολὺ
496 574 559 652 ἧκον
573 583 609 647 εἰς
622 579 730 659 Αύαριν.
773 583 912 665 Ἀμένωρις
925 588 959 657 δ’,
974 590 1050 645 θτιῦν

281 694 293 720 ι
309 668 455 744 Αἰγυπτίων
471 668 602 747 βασιλεὺς,
612 670 646 734 ώς
655 667 762 728 ἐπύθετο
771 670 805 728 τὰ
813 672 882 730 κατὰ
890 673 937 744 τὴν
947 674 1050 733 ἐκείνων

281 782 294 809 ι
306 754 405 835 έροδον,
420 757 449 812 ού
468 754 575 834 μετρίως
592 755 734 833 συνεχύθη,
747 762 793 829 τῆς
805 763 868 839 παρ’
887 760 1052 842 Ἀμενώρεως

282 869 293 894 ι
308 848 353 900 τοῦ
365 841 485 907 [ἰαάπιος
494 839 614 917 μνησθείς
625 842 821 921 προδηλώσεως.
863 848 916 907 Καί
927 846 1049 927 πρότερον

254 946 291 985 ιι
307 926 458 1006 συναγαγὼν
478 930 573 999 πλῆθος
593 930 754 1007 Αἰγυπτίων,
777 932 823 990 καί
848 933 1052 1011 βουλευσάμενος

280 1042 293 1069 ι
309 1014 374 1092 μετά
383 1018 464 1073 τῶνέν
474 1014 570 1081 τούτοις
579 1016 722 1092 ἡγεμόνων,
731 1017 764 1075 τά
772 1042 799 1077 τε
809 1020 865 1099 ἱερδ
875 1023 928 1100 ζῷα
937 1020 970 1078 τά
980 1026 1050 1103 πρῶ·

281 1128 294 1155 ε
307 1124 340 1160 τα
363 1101 478 1178 μάλιστα
492 1102 519 1159 ἰν
540 1106 593 1169 τοῖς
610 1104 687 1177 ἱεροῖς
708 1104 843 1181 τιμώμενα
865 1105 900 1172 ὥς
917 1106 941 1184 γ’
961 1107 1051 1166 ἑαυτὸν

281 1216 293 1240 ι
307 1190 507 1268 μετεπέμψατο,
525 1189 636 1256 καὶτοῖς
654 1190 722 1248 κατὰ
737 1191 810 1269 μέρος
827 1196 935 1273 ἱερεῦσιν
948 1194 1052 1275 παρέγ-

280 1302 293 1326 ι
306 1276 678 1355 γειλενώςοίσραλέστατατιῦν
689 1281 754 1336 θεῶν
761 1279 907 1360 συγκρύψαι
916 1280 950 1337 τὰ
963 1280 1051 1349 ξόανα.

244 1377 269 1416 ιο
280 1390 292 1415 ι
306 1366 331 1423 Τ
331 1362 360 1421 δν
372 1362 399 1420 δὲ
410 1362 463 1421 υἰθν
475 1362 562 1422 Σέθων
573 1364 617 1421 τὸν
628 1365 673 1422 καί
684 1364 835 1441 Ῥαμέσσην
848 1367 901 1425 ἀπὸ
912 1368 1053 1447 Ῥάμψεως

280 1476 293 1503 ι
306 1454 350 1508 τοῦ
372 1449 470 1530 πατρὸς
488 1449 683 1527 ὠνομασμένον,
704 1454 831 1525 πενταέτη
856 1452 932 1527 ὄντα,
954 1455 1053 1547 ἐξέθετο

280 1565 293 1590 ι
307 1536 370 1616 πρδς
380 1537 422 1594 τὸν
437 1540 529 1596 ἑαυτοῦ
543 1535 625 1612 φίλον.
666 1538 748 1606 Αύτθς
759 1540 787 1598 δέ
799 1540 890 1607 erest<
902 1550 954 1609 τοῖς
966 1542 1052 1611 ἄλλοις

281 1622 474 1702 «Αἰγυπτίοις,
495 1614 566 1681 ούσιν
589 1627 624 1692 εἰς
644 1625 783 1706 τριάκοντα
806 1628 932 1707 μυριάδας
952 1632 1052 1711 ἀνδρῶν

281 1709 514 1789 «μαχιμωτάτων,
534 1709 579 1769 καί
599 1715 651 1779 τοῖς
669 1713 801 1789 πολεμίοις
820 1716 1001 1787 ἀπαντήσασιν
1022 1721 1051 1777 ού

244 1816 268 1855 ιι
282 1824 295 1851 ι
310 1797 460 1869 συνέύαλεν,
473 1797 540 1855 ἀλλὰ
555 1797 658 1874 μέλλειν
674 1805 811 1880 θεομαχεῖν
825 1802 947 1879 νομίσας,
957 1808 1051 1863 παλιν·

282 1911 294 1931 ε
307 1883 437 1960 δοομνίσας
459 1876 521 1955 ἧκεν
550 1888 584 1952 εἰς
606 1884 725 1967 Μέμφιν·
747 1888 885 1947 drebodio
909 1914 937 1948 τε
956 1890 1001 1950 τόν
1023 1916 1052 1951 τε

282 1996 294 2021 a
305 1948 383 2029 ἷίπιν
392 1970 437 2027 καί
445 1970 478 2028 nd
486 1970 553 2028 άλλα
563 1971 597 2029 τὰ
603 1974 687 2031 ἐκεῖσε
695 1976 910 2055 μεταπεμφθέντα
921 1977 979 2056 ἱερὰ
988 1982 1051 2059 ζῷα,

283 2089 295 2113 ι
312 2056 384 2123 εύθθς
397 2058 433 2124 εἰς
441 2056 579 2116 Αἰθιοπίαν
591 2058 637 2117 σῦν
651 2058 746 2119 ἅπαντι
757 2065 795 2143 τῷ
806 2064 891 2142 στολῳ
902 2063 947 2121 καὶ
958 2064 1052 2137 πλήθει

281 2168 294 2195 ι
305 2146 356 2201 τῶν
371 2143 519 2220 Αἰγυπτίων
534 2144 644 2225 ἀνήχθη.
684 2148 781 2229 Χάριεν
792 2148 842 2229 γὰρ
856 2140 887 2220 ἦν
902 2152 973 2231 αύτῷ
987 2156 1051 2213 bno-

242 2249 269 2289 ιο
282 2256 294 2281 ι
307 2228 426 2309 χείριοςθ
439 2233 489 2287 τῶν
506 2230 633 2289 Αἰθιόπων
649 2232 779 2311 βασιλεύς
800 2234 856 2293 δθεν
867 2236 1052 2315 ὑποδεξάμενος

195 2324 201 2333 “
281 2342 293 2366 ι
306 2316 350 2374 καὶ
364 2314 422 2382 τοῦς
435 2316 530 2395 ὄχλους
542 2317 642 2385 πάντας
654 2320 792 2380 ύπολαύὼν
806 2314 843 2390 οἱς
857 2322 933 2403 ἔσχεν
946 2330 964 2397 ἡ
976 2325 1051 2407 χώρα

281 2430 292 2454 ι
307 2407 359 2461 τῶν
375 2402 439 2484 πρὸς
450 2404 611 2484 ἀνθρωπίνην
621 2406 717 2489 τρορὴν
731 2410 891 2489 ἐπιτηδείων,
906 2413 951 2470 καὶ
964 2414 1052 2484 πόλεις

281 2516 292 2538 r
307 2490 352 2547 καί
366 2490 457 2566 κώμας
471 2491 534 2571 πρὸς
550 2489 597 2562 τλν
619 2497 671 2552 τῶν
688 2496 866 2575 τετρωμένων
883 2500 1051 2580 τρισκαίδεκα

280 2604 292 2627 ι
305 2580 369 2635 reso
383 2577 434 2635 ἀπὸ
447 2582 492 2648 τῆς
506 2582 589 2659 ἀρχῆς
600 2582 680 2640 αὐτοῦ
694 2581 822 2641 ἔκπτωσιν
842 2586 989 2666 αὐτάρκεις,
1003 2591 1052 2668 οὐχ

240 2686 266 2725 as
280 2692 293 2715 ι
306 2661 383 2735 ἧττόν
397 2688 426 2743 γε
440 2665 485 2723 καί
498 2666 671 2746 στρατόπεδον
683 2670 842 2729 Ἀἰθιοπικδν
857 2672 922 2753 πρθς
933 2674 1051 2753 φυλακὴν

279 2752 410 2821 εἰπέταξι
423 2758 476 2820 τοῖς
487 2757 550 2831 παρ’
568 2754 734 2836 Ἀμενώρεως
746 2764 790 2817 τοῦ
805 2759 931 2838 βασιλέως
943 2762 986 2820 έπί
999 2766 1050 2822 τῶν

278 2866 292 2891 ι
305 2840 383 2918 ὁρίων
394 2844 441 2911 τῆς
455 2840 596 2917 Αἰγύπτου.
638 2842 692 2901 Καὶ
704 2843 738 2901 τὰ
757 2843 804 2921 μίν
819 2845 888 2903 κατὰ
900 2846 947 2918 τλν
962 2852 1050 2910 Αἰθιο·

278 2952 290 2977 ε
305 2926 369 2983 πίαν
376 2931 493 2985 τοιαῦτα.
535 2930 569 2986 Οἱ
580 2926 607 2985 δέ
617 2930 763 3005 Σολυμῖται
773 2932 938 3001 κατελθόντες
946 2934 992 2994 σὺν
999 2947 1051 3007 τοῖς

278 3040 291 3065 ι
304 3013 405 3093 μιαροῖς
414 3016 465 3070 τιῦν
475 3011 625 3090 Αἰγυπτίων
636 3013 716 3083 ούτως
729 3017 836 3085 ἀνοσίως
845 3028 897 3100 τοῖς
908 3022 1051 3103 άνθρώποις

239 3127 266 3167 w
277 3127 291 3154 ε
302 3098 527 3180 προσηνείχθησαν,
538 3099 605 3159 ώστε
616 3102 663 3174 τὴν
679 3106 731 3161 τῶν
743 3106 936 3186 προειρημένων
948 3110 1049 3189 κράτη-

278 3215 290 3241 s
305 3210 345 3245 σιν
358 3187 491 3266 χειρίστην
504 3186 703 3269 φαίνεσθαιτοῖς
721 3191 779 3249 τότε
795 3192 828 3250 τά
841 3194 937 3253 τούτοιν
952 3196 1050 3270 ἀσιδή-

200 3306 203 3311 -
277 3301 291 3327 ι
304 3297 377 3350 ματα
388 3273 531 3349 θεωμένοις.
554 3275 608 3334 itai
617 3274 668 3356 γάρ
677 3279 707 3335 ού
717 3279 793 3355 μόνον
805 3279 892 3348 πόλεις
905 3282 950 3340 καί
960 3284 1051 3361 κώμας

277 3389 288 3411 ι
304 3361 454 3442 ἐνέπρησαν,
487 3360 543 3421 οὐδὲ
573 3365 762 3443 ἱεροσυλοῦντες
788 3367 846 3426 οὐδὲ
867 3370 1050 3449 λυμαινόμενοι

276 3474 289 3501 ι
303 3447 380 3515 ξόανα
394 3451 458 3505 θεῶν
468 3450 609 3528 ἠρκοῦντο,
622 3450 690 3508 ἀλλὰ
700 3452 744 3510 καὶ
754 3460 806 3519 τοῖς
824 3455 909 3522 αὐτοῖς
920 3458 1050 3525 ύπτανίοις

237 3556 262 3595 ss
276 3562 288 3585 ι
303 3538 354 3592 τῶν
364 3534 592 3611 σεύαστευομένων
600 3540 676 3617 ἱερῶν
688 3538 759 3617 ζῴων
770 3538 901 3620 χρώμενοι
913 3544 1049 3621 διετέλουν,

275 3647 287 3672 ι
301 3620 347 3678 καὶ
365 3620 441 3687 θύτας
461 3621 506 3679 καί
526 3630 633 3702 σραγεῖς
652 3621 749 3683 τούτων
762 3628 842 3708 Ιἱερεῖς
855 3627 900 3686 καὶ
912 3633 1048 3712 προρήτας

276 3734 288 3759 ι
302 3707 445 3783 ἠνάγκαζον
456 3708 580 3786 γίνεσθαι,
590 3711 634 3770 καί
644 3711 755 3790 γυμνοὺς
765 3712 894 3783 έξέύαλον.
934 3720 1046 3797 Λέγεται

278 3822 291 3845 ι
306 3794 328 3850 δ’
342 3792 381 3851 δτι
396 3793 442 3863 τὴν
455 3796 585 3854 πολιτείαν
600 3797 714 3866 καὶτοὺς
727 3799 818 3875 νόμους
831 3804 917 3870 αὐτοῖς
929 3806 1047 3865 καταθα-

276 3907 289 3931 s
303 3878 409 3956 λόμενος
417 3880 507 3959 ἱερεύς,
519 3882 550 3941 τὸ
559 3884 629 3959 γένος
638 3884 847 3965 Ἧλιουπολίτης,
857 3890 939 3969 ὄνομα
952 3892 1048 3976 Ὀθαρ-

236 3993 289 4032 apr
303 3966 363 4046 σίρ,
388 3966 440 4024 ἀπὸ
462 3974 506 4025 τοῦ
532 3972 558 4025 έν
578 3969 744 4030 Ἡλιουπόλει
768 3980 825 4035 θεοῦ
852 3976 991 4057 Ὀσίρεως,
1015 3986 1049 4049 ὡς

276 4081 289 4105 ι
304 4052 402 4130 μετέῦη
425 4056 461 4120 εἷς
478 4060 554 4113 τοῦτο
575 4057 604 4115 rb
629 4057 716 4134 γένος,
729 4060 851 4136 μετετέθη
868 4062 981 4141 τούνομα
1004 4069 1048 4126 καὶ

279 4166 290 4194 ε
305 4140 498 4220 προσηγορεύθη
511 4146 632 4215 Μωῦσῆς.
645 4173 657 4197 ν

314 4228 363 4297 κζ’.
383 4227 415 4287 Ἀ
429 4228 476 4305 μὲν
494 4220 538 4288 οῦν
560 4231 697 4309 Αἰγύπτιοι
709 4232 813 4315 ρέροοσι
833 4236 893 4316 περὶ
909 4242 959 4296 τῶν
981 4240 1047 4301 ’ἰου-

275 4316 366 4392 δαίων,
378 4318 450 4374 ταῦτ’
462 4316 518 4374 έστί
529 4318 574 4375 καὶ
585 4318 661 4397 ἕτερα
675 4321 791 4393 πλείονα,
806 4322 823 4380 δ
835 4324 949 4402 παρίημι
958 4349 1046 4387 συντο-

235 4428 261 4466 rs
274 4404 365 4479 τομίας
385 4402 471 4463 ἕνεκα.
514 4402 591 4482 Λέγει
609 4404 637 4462 δέ
653 4409 667 4462 θ
682 4408 806 4466 Μανεθὼν
821 4410 899 4468 παλιν
919 4411 958 4470 ὅτι
982 4414 1047 4489 μετὰ

273 4495 356 4548 ταῦτα
368 4492 477 4561 ἐπῆλθεν
488 4493 502 4547 θ
514 4489 655 4572 Ἀμένωρις
669 4493 721 4551 ἀπὸ
734 4496 870 4563 Αἰθιοπίας
884 4498 950 4575 μετθι
966 4502 1047 4579 μεγά-

273 4578 321 4647 λης
337 4576 487 4654 δυνάμεως,
502 4578 575 4635 καίθ
592 4582 644 4647 υἱὸς
662 4583 740 4639 αὐτοῦ
761 4582 885 4665 Ῥάμψης
906 4586 950 4644 καί
972 4588 1048 4655 αὐτὸς

275 4662 342 4741 έχων
356 4663 471 4741 δύναμιν·
486 4663 531 4723 καί
542 4665 717 4742 συμόαλόντες
728 4671 751 4726 οἱ
765 4669 810 4727 δύο
821 4676 873 4736 τοῖς
883 4676 989 4748 ποιμέσι
1003 4676 1047 4733 καί

274 4750 327 4815 τοῖς
343 4761 458 4831 μωροῖς,
478 4752 598 4824 ένίκησαν
615 4752 721 4830 αύτούς,
742 4756 786 4814 καί
800 4758 911 4826 πολλοὺς
927 4761 1046 4821 ἀποκτεί·

235 4865 262 4902 ω
275 4858 363 4901 ναντες
383 4838 489 4906 ἰδίωξαν
512 4838 602 4907 αὐτούς
623 4842 685 4921 άχρι
705 4846 756 4899 τῶν
774 4843 852 4923 θρίων
873 4850 920 4915 τῆς
941 4848 1045 4929 Συρίας.

274 4926 367 4983 Ταῦτα
384 4922 431 4999 μέν
446 4926 491 4983 καὶ
505 4925 539 4984 τά
554 4933 661 4986 τοιαῦτα
682 4928 808 4989 Μανεθών
820 4932 987 5014 συνέγραψεν·
1007 4937 1046 4995 δτι

275 5008 438 5090 δίληρεῖκαὶ
449 5012 570 5091 ψεύδεται
578 5019 723 5095 περιρανῦς
735 5016 869 5096 ἰπιδείξω,
881 5023 1046 5101 προδιεστει-

171 5141 173 5144 -
274 5098 385 5176 λάμενος
398 5098 480 5157 έκεῖνο
492 5102 543 5157 τῶν
557 5099 661 5181 ὕστερον
673 5103 738 5182 πρὸς
757 5104 833 5163 αύτθν
846 5108 1045 5185 λεχθησομένων

275 5184 357 5244 {irrue
398 5183 499 5244 Δέδοικε
514 5182 563 5264 γδιρ
576 5178 647 5252 οὗτος
656 5193 718 5264 ἡμῖν
728 5189 772 5248 καί
784 5191 950 5269 ὡμολόγηκεν
963 5196 988 5263 ἐξ
1002 5198 1046 5277 ἅρ-

830 423 933 516 nnrn
955 457 1126 516 nnrnuos
1147 444 1241 521 nien.
1261 464 1296 521 n.

1071 1421 1075 1478 ἱ
1095 1474 1107 1499 r
1120 1457 1161 1519 qui
1173 1458 1245 1508 etiam
1257 1462 1382 1513 Ramesoes
1393 1478 1407 1513 a
1420 1468 1521 1529 eampse
1534 1471 1606 1531 petris
1620 1475 1716 1525 nomine
1731 1478 1872 1537 recabatur,

1095 1571 1107 1595 tt

1095 1849 1108 1873 Ι

1095 1936 1108 1961 Ι

1095 2029 1108 2053 Ι

1095 2126 1107 2150 ιι

1095 2222 1107 2247 ιι

1095 2318 1107 2342 fl

1095 2415 1107 2439 ιι

1095 2506 1108 2530 G

1095 2600 1107 2624 ιι

1095 2685 1108 2709 ιι

1095 2783 1107 2807 ιι

1095 2883 1107 2907 ιι

1095 2979 1107 3003 ιι

1094 3070 1106 3095 t

1094 3169 1106 3193 ιι

1094 3442 1106 3467 Ι

1093 3628 1105 3655 Ι

1090 3718 1102 3743 ιι

1090 3810 1102 3835 ιι

1744 478 1875 559 [mim]

1070 594 1074 719 γ
1095 613 1107 635 r
1120 596 1253 649 reniebsnt
1284 602 1429 664 Amenopbis
1444 609 1523 653 autern
1543 608 1706 669 AEgyptiorurn
1724 626 1782 675 rea,
1798 632 1874 679 quum

1097 709 1108 731 r
1122 691 1224 753 primurn
1243 694 1339 745 iliorum
1363 698 1511 749 invasionem
1525 701 1632 765 audiuit,
1650 718 1698 753 non
1723 709 1876 762 mediocriter

1096 804 1108 827 a
1120 786 1225 838 animnos
1237 788 1384 853 despondere
1398 792 1485 855 erepit,
1498 796 1602 857 quumei
1615 798 1638 846 io
1651 804 1755 851 nrentern
1767 806 1876 857 ventres

1097 894 1175 942 «quer
1188 862 1331 943 praedixerat
1342 888 1487 949 Arneuopiris
1500 890 1600 953 Priapios
1613 891 1684 944 fliius.
1719 898 1751 947 nt
1768 899 1875 960 prirnurn
1910 902 1911 991 γ

1096 993 1108 1016 ι
1120 975 1217 1036 quidem
1234 986 1373 1042 congregata
1391 983 1459 1046 piebe
1475 986 1627 1049 AEgyptisca,
1645 988 1753 1053 initoque
1772 997 1876 1044 consino
1897 978 1911 997 ¹

1096 1088 1108 1112 ι
1120 1082 1174 1119 cum
1187 1073 1330 1136 principibus
1342 1091 1438 1140 eorum,
1448 1086 1473 1130 et
1490 1082 1600 1133 anirneiia
1611 1099 1692 1151 εεσιε,
1712 1091 1820 1140 maxime
1837 1092 1876 1141 iiio

1096 1186 1108 1211 ι
1120 1181 1174 1231 que
1186 1171 1303 1235 precipue
1314 1174 1338 1221 in
1350 1176 1445 1239 templis
1456 1178 1603 1243 colebantur,
1615 1184 1646 1233 ed
1660 1198 1687 1235 se
1695 1188 1841 1249 arcessirir;
1853 1195 1877 1237 et
1910 1238 1911 1255 ,

1096 1266 1416 1330 «sacerdotibussigiiiatinr
1441 1276 1553 1339 prorepit
1576 1283 1602 1327 ut
1624 1280 1753 1331 simutacra
1773 1284 1876 1335 deonrna

1096 1372 1192 1421 nquam
1208 1364 1360 1415 securissime
1372 1368 1528 1421 occultarent.
1560 1374 1715 1427 uitiomrero
1725 1381 1874 1441 Setbonem,
1910 1398 1911 1421 ι

1119 1566 1193 1614 ouum
1203 1556 1307 1618 quinque
1315 1563 1378 1609 esset
1387 1574 1510 1623 annuum,
1522 1569 1730 1629 transportandum
1741 1576 1874 1624 cumritsd
1910 1562 1911 1615 ί

1119 1648 1230 1699 ιυιιίουιο.
1241 1655 1377 1713 ipsenutern
1386 1660 1605 1721 transgressuscunr
1612 1666 1697 1715 ceteris
1706 1670 1836 1731 AEgyptiis,
1846 1676 1874 1721 sd

1120 1746 1223 1801 trecenta
1243 1748 1316 1798 rniiiin
1336 1750 1439 1802 virorum
1459 1758 1701 1825 pugnacissimorom,
1720 1764 1874 1817 bostibusei

1120 1831 1213 1881 ebriam
1228 1834 1294 1885 tactis
1306 1838 1387 1899 pretio
1401 1854 1447 1889 non
1461 1856 1602 1905 eorrgressur
1620 1853 1657 1897 est
1669 1864 1675 1897 :
1686 1852 1729 1901 sed
1742 1852 1796 1903 tore
1811 1860 1874 1905 ratos

1120 1918 1306 1971 utcontrndees
1323 1934 1453 1989 pugrreret,
1472 1934 1601 1981 retrorsum
1618 1950 1729 1988 resersus
1748 1944 1872 2005 Memphin
1910 1972 1911 2025 γ

1120 2013 1214 2074 petebat
1228 2023 1415 2083 :assumptoque
1432 2026 1475 2088 Api
1486 2029 1510 2075 et
1520 2028 1617 2091 reliquis
1626 2033 1772 2085 animalibus
1789 2040 1872 2097 neris.
1910 2072 1911 2075 =

1120 2122 1174 2171 quse
1183 2110 1212 2159 ed
1225 2126 1251 2163 se
1261 2116 1423 2179 accersiverat,
1434 2134 1489 2170 inor
1499 2124 1522 2171 in
1534 2127 1676 2189 AEtiriopiem
1687 2143 1742 2181 cunr
1755 2134 1872 2185 uniuersis
1910 2154 1911 2213 γ

1120 2206 1220 2256 naribus
1231 2212 1255 2258 et
1266 2213 1430 2275 AEgyptiorum
1445 2219 1595 2271 multitudine
1605 2237 1631 2273 se
1641 2228 1772 2279 transtulit
1787 2234 1872 2281 Bened-
1910 2220 1911 2305 ἰ

1119 2301 1162 2351 ciis
1171 2304 1233 2354 enirn
1246 2306 1290 2369 ipsi
1299 2309 1427 2361 obstrictus
1437 2319 1488 2363 erat
1499 2317 1636 2380 AEtirioponr
1646 2335 1687 2371 rer
1699 2339 1706 2371 :
1720 2326 1786 2375 unde
1798 2342 1871 2391 quoru
1910 2308 1911 2401 ἰ

1118 2398 1173 2447 euin
1182 2402 1338 2465 suscepisset,
1353 2407 1515 2473 populumque
1528 2412 1665 2465 uniuersum
1678 2420 1795 2470 omnibus
1805 2424 1871 2473 istius
1910 2416 1911 2491 ί

1119 2488 1222 2549 regionis
1237 2491 1268 2539 ad
1283 2493 1407 2545 inornirrunr
1426 2498 1515 2549 rictum
1532 2505 1671 2554 ιιεεεειιτίιε
1686 2510 1835 2573 excepisset,
1848 2520 1871 2561 ει
1910 2508 1911 2511 ’

1120 2581 1191 2632 urbes
1200 2588 1225 2633 et
1235 2586 1311 2647 rioos,
1323 2590 1363 2651 qui
1373 2590 1402 2639 ari
1412 2591 1482 2643 istrie
1491 2594 1548 2645 iliud
1560 2599 1672 2649 tredecim
1683 2614 1803 2655 annornm
1812 2610 1871 2657 ersi

1120 2667 1178 2717 iinon
1189 2672 1336 2737 sustinerent,
1350 2677 1419 2726 tribui
1429 2680 1514 2742 jussit,
1526 2690 1552 2731 ut
1565 2688 1589 2733 et
1601 2688 1732 2737 exereitum
1751 2694 1869 2756 aeunni·

1119 2778 1189 2827 curn,
1200 2770 1241 2830 qni
1250 2768 1275 2818 in
1284 2773 1418 2823 custodiam
1428 2780 1745 2849 smenopneoosooranrqoe
1754 2792 1871 2841 excubiis

1119 2868 1411 2935 ogeretadtinesAEgypti.
1444 2878 1473 2925 Et
1482 2877 1507 2926 in
1516 2880 1633 2943 AEtiriopie
1641 2848 1736 2945 quidem
1744 2887 1871 2951 nagera
1910 2890 1911 2895 ’

1119 2964 1184 3011 sunt,
1216 2964 1338 3026 solymitae
1352 2980 1420 3030 vero,
1438 2971 1478 3021 ubi
1494 2972 1681 3039 descenderant,
1699 2994 1755 3031 conr
1773 2984 1870 3046 poiintis

1117 3054 1278 3115 AEgyptiorurn
1295 3057 1354 3108 adeo
1377 3061 1438 3111 mete
1454 3062 1561 3115 homines
1576 3072 1724 3133 tractarunt,
1742 3078 1868 3126 uteorum

1119 3150 1217 3201 victoris
1224 3154 1326 3213 pessima
1335 3154 1382 3206 itiis
1391 3158 1519 3223 rideretur,
1529 3163 1868 3235 quitoneeorumimpterare

1118 3241 1280 3305 inspiciebant.
1312 3247 1405 3296 Etenim
1416 3262 1464 3299 non
1475 3252 1553 3302 sotum
1564 3255 1667 3308 urbeset
1677 3260 1742 3311 vicos
1754 3264 1866 3315 incende

1120 3340 1187 3399 runt,
1200 3351 1277 3402 nequo
1294 3342 1413 3404 sacrilegia
1428 3349 1589 3411 committere,
1601 3358 1643 3403 aut
1657 3354 1758 3407 deorum
1772 3361 1866 3411 sinaute-
1910 3376 1911 3449 γ

1117 3438 1157 3475 era
1168 3433 1260 3479 restore
1277 3432 1335 3481 sotis
1353 3433 1483 3499 irnbebnot3
1500 3440 1542 3488 sed
1559 3441 1643 3493 iisdem
1664 3448 1736 3497 etiem
1751 3453 1866 3502 continuo
1910 3466 1911 3527 γ

1119 3518 1246 3570 υιεοιοιυι
1255 3522 1285 3571 ad
1302 3524 1415 3576 suendae
1428 3542 1512 3581 carnes
1525 3533 1662 3586 animalium
1673 3552 1798 3591 secronrnr
1813 3558 1866 3607 que
1910 3558 1911 3569 *

1117 3611 1866 3700 onitudiricoatirciebsntuntrisquemactaudisjuguiandisqne
1910 3638 1911 3691 ἰ

1114 3702 1247 3753 ιιοειθοιει
1261 3711 1286 3755 et
1299 3714 1365 3759 rates
1374 3710 1481 3762 ediriberi
1497 3725 1637 3780 coegerunt,
1656 3724 1782 3787 nudosque
1792 3731 1866 3789 ejece
1910 3734 1911 3779 i

1114 3795 1178 3842 runt.
1211 3796 1392 3851 Diciturautern
1410 3804 1473 3865 quod
1493 3807 1629 3869 reipublice
1644 3814 1753 3865 conditor
1767 3822 1820 3868 εικι
1835 3820 1866 3869 ie·
1910 3806 1911 3863 ¹

1089 3902 1101 3925 r
1114 3866 1216 3948 gumone
1230 3888 1297 3949 istor,
1309 3892 1432 3953 sacerdos,
1446 3908 1531 3956 genere
1549 3901 1755 3967 Heliopolitanns,
1769 3914 1865 3962 nomine
1910 3906 1911 3949 ἶ

1090 3991 1102 4015 ι
1116 3976 1244 4039 Osnrsiplr,
1259 3992 1287 4027 er
1302 3980 1397 4032 osiride
1414 3983 1475 4047 deo,
1488 4000 1559 4048 qrrern
1571 3991 1627 4040 coiit
1646 3995 1704 4043 urbs
1721 3998 1865 4063 Heliopolis,
1910 4048 1911 4051 ,

1090 4082 1102 4106 κ
1114 4064 1288 4129 denominatus,
1299 4084 1373 4131 qrrurn
1386 4073 1416 4123 ad
1428 4074 1474 4125 troo
1484 4090 1557 4137 genus
1568 4082 1699 4145 rnnsnser,
1713 4100 1800 4139 nomen
1816 4108 1864 4141 mu·

1089 4174 1102 4198 <r
1114 4157 1186 4216 terit,
1195 4161 1220 4208 et
1231 4166 1328 4211 vocatus
1337 4170 1387 4212 eret
1399 4166 1502 4222 biennes.
1514 4188 1527 4211 ν

1119 4253 1156 4321 27,
1171 4252 1201 4298 iit
1210 4262 1264 4311 ηοω
1273 4253 1368 4314 quidem
1379 4258 1482 4319 AEgpptii
1498 4258 1530 4309 de
1538 4261 1630 4312 rudeis
1642 4264 1734 4329 ienrnt,
1745 4271 1862 4332 ejusmodi

1087 4348 1144 4396 sunt
1152 4360 1207 4395 cum
1216 4350 1270 4400 aiiis
1285 4352 1380 4414 inuitis,
1391 4367 1445 4417 quse
1459 4356 1580 4409 brevitatis
1589 4374 1644 4424 ergo
1660 4370 1784 4426 preterea.
1802 4374 1860 4420 itur-
1910 4348 1911 4391 ί

1087 4455 1129 4491 sus
1137 4448 1215 4493 eutero
1223 4445 1281 4495 dicit
1289 4450 1407 4511 Manetiro,
1416 4452 1480 4514 quod
1488 4459 1570 4517 postea
1576 4460 1723 4523 Amenopbis
1734 4476 1763 4512 er
1775 4468 1858 4515 νειοῖο
1910 4506 1911 4513 ,

1087 4539 1125 4602 pia
1136 4554 1256 4603 regressio
1271 4549 1308 4593 ost
1320 4558 1376 4595 curn
1392 4562 1477 4611 magna
1493 4551 1595 4602 miiitum
1605 4566 1691 4616 manu,
1701 4561 1727 4607 et
1740 4560 1804 4609 sibus
1813 4564 1861 4624 ejus

1086 4640 1200 4699 itemptes
1211 4638 1293 4689 itidem
1303 4654 1359 4690 cunr
1375 4646 1477 4694 exercitu
1486 4663 1494 4705 ;
1511 4650 1623 4711 quodque
1638 4651 1662 4701 bi
1678 4652 1727 4702 duo
1742 4660 1859 4717 congressi
1910 4688 1911 4693 =

1086 4744 1141 4780 eum
1158 4735 1295 4784 Pectoribus
1312 4738 1384 4798 atque
1400 4739 1496 4800 potiutis
1509 4754 1550 4792 eos
1567 4747 1720 4809 superarint,
1738 4754 1763 4799 et
1779 4754 1859 4801 moitis

1085 4828 1153 4877 cesis
1162 4831 1296 4892 persequuti
1308 4831 1493 4897 sinteosusqne
1505 4836 1537 4885 sd
1549 4839 1625 4900 syrios
1642 4840 1709 4891 ines.
1742 4847 1800 4894 ιιεαε
1814 4848 1860 4909 qui

1085 4920 1178 4972 demet
1196 4924 1339 4984 ejrrseemodi
1356 4926 1401 4975 aiio
1421 4930 1517 4992 scripsit
1535 4935 1655 4984 Μεπειιιο.
1688 4936 1760 4987 iiiuur
1779 4945 1858 4990 autern
1910 4948 1911 5021 γ

1085 5018 1167 5079 nugari
1182 5024 1207 5068 et
1219 5014 1346 5071 'manifeste
1362 5024 1454 5073 mentiri
1469 5030 1609 5091 ostendam,
1625 5031 1686 5080 incia
1704 5035 1859 5095 priusdistin-
1910 5022 1911 5061 ί

1085 5094 1163 5163 ctione
1173 5115 1267 5163 iitnrunr
1279 5119 1352 5177 gretia
1366 5132 1421 5181 oure
1434 5134 1489 5169 inor
1501 5129 1583 5173 contro
1596 5125 1663 5175 iiturn
1676 5130 1803 5189 proteram.
1837 5136 1859 5182 ts

1085 5208 1173 5271 qnippe
1182 5212 1299 5261 woressit
1314 5214 1383 5263 nobis
1393 5220 1463 5279 atque
1474 5221 1581 5280 agnovit,
1598 5222 1654 5271 istos
1667 5224 1756 5287 origine
1770 5240 1856 5291 neqeu-
1910 5194 1911 5239 ¹
