3825 6059
75 479 213 557 (rusum),

71 617 122 668 αλλ
135 612 184 679 ἤδη
199 616 273 664 πᾶσα
286 598 328 665 οἶα
340 608 441 681 μακροῦ
452 609 496 662 τοῦ
510 602 626 678 πολέμου
640 603 835 682 κατέστραπτο,

70 702 165 764 πολλοῖς
179 695 225 753 καὶ
240 698 291 751 τῶν
311 694 441 751 ἀπωτάτω
456 690 643 749 κατοικούντων
659 691 778 762 αίσθησιν
792 692 837 748 καί

70 786 177 842 κίνδυνον
200 785 318 859 ταραχῆς
339 779 529 857 παρασχόντος.
574 776 637 837 Ἔτι
660 777 687 834 δέ
711 778 756 835 καὶ
778 776 837 854 περὶ

71 872 253 948 Ἀλεξάνδρειαν
272 866 320 934 τξν
344 868 370 921 ἐν
393 864 519 943 Αἰγύπτῳ
544 862 610 939 μετά
634 869 717 921 ταῦτα
742 862 837 931 συνέθη

50 954 172 1023 ςπολλοθς
186 952 318 1014 ’Ἰουδαίων
335 952 482 1011 ἀποθανεῖν,
524 954 586 1016 Τοῖς
599 949 649 1029 γάρ
661 953 690 1007 ἐκ
703 955 749 1020 τῆς
774 950 836 1007 στά-

72 1067 128 1109 σεως
146 1045 195 1098 τῶν
213 1038 337 1117 σικαρίων
355 1040 409 1095 ἐκεῖ
424 1038 554 1117 διαφυγεῖν
568 1038 709 1108 δυνηθεῖσιν
720 1038 767 1094 ούκ
779 1035 838 1092 ἀπέ·

72 1154 116 1208 χρη
126 1128 153 1185 ro
162 1127 297 1197 σώζεσθαι,
310 1125 389 1183 πάλιν
401 1124 429 1183 δὲ
440 1123 595 1202 καινοτέροις
609 1124 751 1203 ἐνεχείρουν
765 1121 835 1201 πρά·

72 1240 146 1293 γμασι
168 1216 213 1272 καί
241 1210 351 1277 πολλοὺς
373 1236 425 1269 των
451 1234 645 1286 υποοεςαμενων
667 1210 766 1267 ἔπειθον
794 1214 839 1277 τῆς

74 1300 208 1379 ἐλευθερίας
233 1299 434 1367 ἀντιποιεῖσθαι,
460 1298 505 1355 καί
522 1296 671 1373 Ῥωμαίους
692 1295 737 1373 μὲν
758 1296 838 1372 μηδὲν

44 1413 62 1445 ιιι
73 1390 192 1467 κρείττους
212 1390 297 1445 αὑτῶν
322 1385 528 1460 ύπολαμόάνειν,
542 1385 610 1445 θεὸν
632 1384 659 1441 δὲ
680 1384 757 1459 μόνον
767 1388 837 1457 ἡγεῖ·

74 1483 125 1534 σθαι
134 1474 270 1544 δεσπότην.
313 1473 390 1532 Ἐπεί
402 1474 424 1530 δ’
440 1474 527 1537 αὐτοῖς
538 1476 589 1529 τῶν
603 1474 649 1529 οὐκ
659 1475 763 1549 ἀρανῶν
775 1492 840 1533 τινες

75 1562 196 1621 Ἰουδαίων
210 1560 375 1634 ἀντέθαινον,
399 1558 457 1625 τούς
480 1560 526 1635 μὲν
552 1556 717 1639 ἀπέσφαξαν,
743 1566 794 1621 τοῖς
817 1558 839 1613 δ’

74 1651 150 1715 αλλοις
169 1648 296 1707 ἐνέκειντο
309 1646 372 1725 πρὸς
391 1644 437 1715 τὴν
453 1643 597 1703 ἀπόστασιν
612 1647 834 1724 παρακαλοῦντες.

74 1736 191 1812 Ὁρῶντες
209 1735 231 1791 δ’
247 1735 334 1789 αὐτῶν
350 1730 397 1801 τὴν
414 1730 537 1789 ἀπόνοιαν
558 1735 582 1789 ol
596 1729 770 1809 πρωτεύοντες
793 1734 840 1800 τῆς

45 1846 63 1881 u
74 1821 196 1897 γερουσίας
218 1817 303 1877 οὐκέτ’
326 1816 440 1897 ἀσφαλὲς
462 1822 549 1885 αὑτοῖς
575 1818 690 1893 ἐνόμιζον
708 1825 840 1896 περιορᾶν,

75 1908 134 1965 ἀλλά
142 1909 238 1973 πάντας
252 1906 416 1983 ἀθροίσαντες
432 1908 466 1972 εἰς
479 1904 618 1975 ἐκκλησίαν
631 1904 689 1971 τοὺς
701 1904 840 1968 Ἰουδαίους

74 1998 175 2073 ἤλεγχον
192 1994 240 2065 τὴν
256 1992 379 2050 ἀπόνοιαν
394 1996 444 2050 τῶν
465 1992 599 2070 σικαρίων,
624 1991 728 2049 πάντων
743 1990 840 2055 αἰτίους

78 2081 250 2161 ἀποραίνοντες
262 2081 370 2145 ἐκείνους
382 2083 432 2136 τῶν
447 2084 543 2136 κακῶν
558 2107 569 2129 r
578 2078 622 2137 καί
633 2086 675 2136 νῦν
686 2078 784 2157 ἔρασαν
796 2079 840 2133 αθ-

77 2169 139 2239 ruha,
164 2166 272 2245 ἐπείπερ
299 2164 356 2223 οὐδὲ
388 2164 541 2245 περευγότες
569 2169 615 2235 τῆς
644 2165 773 2244 σωτηρίας
798 2166 839 2221 ἐλ-

44 2280 65 2317 ιο
75 2256 129 2312 :ine
152 2254 262 2333 βεθαίαν
283 2250 372 2332 έχουσι
389 2251 563 2329 (γνωσθέντας
574 2252 624 2331 γάρ
637 2252 688 2310 hard
700 2251 839 2327 Ῥωμαίων

76 2343 137 2406 εὐθὺς
153 2343 331 2415 ἀπολεῖσθαι),
346 2344 393 2410 τῆς
408 2342 495 2405 αὐτοῖς
507 2336 689 2418 προσηκούσης
708 2348 841 2418 συμφορᾶς

77 2428 266 2505 ἀναπιμπλάναι
283 2426 341 2490 τοὺς
358 2426 466 2502 μηδενὸς
486 2432 537 2485 τῶν
552 2426 750 2503 ἁμαρτημάτων
764 2448 842 2501 μετα·

77 2516 182 2592 σχόντας,
197 2542 209 2566 ι
253 2513 427 2579 doliturum
444 2514 528 2573 τοίνυν
544 2513 587 2571 τὸν
604 2513 628 2581 ἐξ
642 2516 727 2571 αὐτῶν
739 2512 841 2591 ὄλεθρον

76 2603 100 2657 τὸ
109 2605 199 2672 πλῆθος
213 2601 391 2679 παρεκάλουν,
405 2600 518 2679 καὶπερὶ
530 2605 613 2660 αὑτῶν
623 2600 687 2679 πρὸς
697 2599 843 2676 Ῥωμαίους

46 2720 65 2755 -ν,
77 2688 282 2765 ἀπολογήσασθαι
294 2691 327 2764 τῇ
340 2686 437 2744 τούτων
445 2687 598 2766 παραδόσει.
641 2688 789 2753 Συνιδόντες
799 2676 842 2743 ούν

77 2782 115 2831 τοῦ
137 2776 254 2835 κινδύνου
272 2774 301 2833 τὸ
317 2774 421 2852 μέγεθος
443 2774 599 2845 ἐπείσθησαν
619 2776 671 2841 τοῖς
684 2774 842 2852 λεγομένοις,

77 2862 114 2918 καί
140 2863 204 2937 μετὰ
227 2864 327 2932 πολλῆς
349 2866 430 2940 ὁρμῆς
456 2861 497 2919 ἐπί
522 2860 580 2929 τοὺς
596 2861 726 2940 σικαρίους
740 2860 844 2941 ᾄξαντες

77 2949 228 3028 συνήρπαζον
241 2947 343 3015 αύτούς.
384 2952 444 3007 Τῶν
457 2949 478 3007 δ’
490 2948 617 3017 ἑξακόσιοι
627 2948 673 3024 μὲν
683 2946 755 3013 εὐθὺς
766 2947 844 3005 ίάλω·

78 3058 128 3108 ταν,
145 3037 198 3097 ὅσοι
212 3038 235 3096 δ’
252 3039 287 3103 εἰς
300 3035 347 3106 τὴν
361 3036 493 3112 Αἴγυπτον
506 3038 552 3094 καί
565 3036 611 3102 τὰς
622 3039 675 3095 ἐκεῖ
686 3035 778 3104 Θήόας
790 3032 845 3091 διέ-

45 3145 154 3201 ωρυγον,
175 3128 221 3183 οὐκ
243 3127 278 3189 εἷς
302 3122 404 3202 μακράν
429 3123 615 3203 συλληφθέντες
639 3120 840 3197 ἐπανήχθησαν·

77 3213 109 3288 ἐρ’
121 3202 153 3269 ῶν
164 3214 210 3271 οῦκ
221 3212 292 3269 ἔστιν
304 3211 330 3277 ὃς
341 3212 370 3269 ού
383 3210 430 3281 τὴν
441 3211 580 3291 καρτερίαν
594 3212 639 3269 καὶ
653 3209 699 3279 τὴν
711 3208 762 3266 εἴτε
773 3205 840 3266 ἀπό·

76 3320 139 3355 νοιαν
150 3300 200 3357 εἴτε
214 3304 262 3367 τῆς
277 3297 380 3375 γνώμης
390 3296 464 3377 ἰσχὺν
478 3299 531 3378 χρὴ
542 3298 627 3375 λέγειν
638 3298 667 3356 ού
681 3294 844 3372 κατεπλάγη.

77 3386 161 3456 Πάσης
174 3386 225 3465 γάρ
239 3388 280 3443 ἐπ’
300 3382 391 3449 αὐτοὺς
404 3385 519 3463 βασάνου
530 3386 575 3444 καί
589 3383 672 3462 λύμης
685 3386 736 3441 τῶν
752 3380 845 3459 σωμά-

77 3496 121 3530 των
142 3472 332 3545 ἐπινοηθείσης,
352 3475 392 3552 ἐρ’
412 3471 439 3529 ἐν
464 3479 538 3532 τοῦτο
563 3471 649 3550 μόνον,
673 3470 741 3536 όπως
761 3472 846 3528 αὐτῶν

46 3588 66 3623 ς.
80 3560 193 3638 Καίσαρα
220 3560 348 3629 δεσπότην
375 3559 580 3635 ὁμολογήσωσιν,
603 3558 684 3624 οὐδεὶς
711 3553 846 3627 ἐνέδωκεν,

79 3650 126 3704 οὐδ’
144 3648 287 3723 ἐμεἸλησεν
312 3646 402 3719 εἰπεῖν,
427 3647 495 3705 ἀλλά
522 3647 617 3712 πάντες
640 3644 781 3724 ὑπερτέραν
800 3649 847 3715 τῆς

80 3735 185 3811 ἀνάγκης
198 3735 246 3804 τὴν
261 3738 345 3792 αὑτῶν
363 3734 469 3811 γνώμην
486 3734 651 3815 διερύλαξαν,
666 3732 753 3811 ὥσπερ
766 3734 847 3789 ἄναι-

81 3823 173 3890 σθήτοις
185 3821 304 3897 σώμασι,
317 3821 443 3900 χαιρούσῃ
458 3822 593 3901 μονονουχὶ
606 3826 638 3899 τῇ
652 3824 724 3900 ψυχῇ
736 3818 783 3885 τδις
799 3823 846 3896 βα·

80 3908 164 3976 σάνους
174 3910 219 3969 καί
232 3908 261 3966 τὸ
275 3915 327 3987 πῦρ
339 3908 480 3987 δεχόμενοι.
492 3909 616 3967 Μάλιστα
623 3908 645 3965 δ’
656 3913 672 3977 ἡ
686 3912 737 3965 τῶν
749 3907 848 3964 παίδων

46 4017 67 4053 ω
79 3994 160 4063 ἡλικία
182 3994 242 4061 τοὺς
264 3994 403 4071 θεωμένους
422 3993 564 4065 ἐξέπληξεν·
591 3994 648 4051 οὐδὲ
669 3991 719 4072 γάρ
744 3992 848 4050 ἐκείνων

80 4104 113 4145 τις
126 4082 257 4153 ἐξενικήθη
269 4080 392 4160 Καίσαρα
405 4078 531 4151 δεσπότην
543 4078 706 4155 ἐξονομάσαι.
747 4082 772 4139 Τ
773 4085 848 4136 οσοῦ-

81 4190 117 4223 τον
132 4169 181 4248 ἄρα
195 4174 244 4240 τῆς
265 4172 316 4225 τῶν
337 4166 465 4244 συιμάτων
483 4166 615 4231 ἀσθενείας
639 4170 656 4237 ἡ
682 4169 729 4237 τῆς
749 4166 849 4240 τόλμης

80 4254 302 4335 ἷοχθςέπεκράτει.

117 4341 147 4418 β’.
168 4348 272 4407 Λοῦπος
289 4341 347 4399 τότε
365 4339 452 4422 διῴκει
471 4339 519 4409 τὴν
533 4339 724 4419 Ἀλεξάνδρειαν
741 4340 785 4399 καί
798 4362 848 4398 πε·

47 4444 68 4481 ts
81 4426 103 4500 Ιοὶ
115 4435 157 4487 τοῦ
171 4429 314 4502 κινήματος
330 4427 421 4485 τούτου
435 4427 549 4507 Καίσαρι
563 4427 631 4487 κατὰ
644 4427 724 4505 τάχος
734 4427 851 4485 ἐπέστει-

80 4514 129 4574 λεν.
169 4516 204 4577 Ὁ
218 4516 246 4573 δὲ
257 4520 308 4573 τῶν
322 4514 453 4574 Ἰουδαίων
468 4513 515 4585 τὴν
532 4515 733 4574 ἀκατάπαυστον
752 4513 850 4594 θρορόι·

82 4624 149 4673 μενος
161 4601 366 4681 νεωτεροποιίαν,
381 4602 426 4660 καὶ
440 4601 526 4668 δείσας
536 4601 573 4677 μὴ
583 4602 661 4660 πάλιν
674 4604 710 4667 εἰς
722 4600 748 4659 ἓν
763 4600 850 4679 ἀθρόοι

83 4690 219 4765 συλλεγῶσι
233 4689 278 4748 καί
296 4712 366 4754 τινας
379 4689 464 4755 αὐτοῖς
483 4687 742 4759 συνεπισπάσωνται,
756 4684 851 4766 προσέ-

83 4774 137 4841 ταξε
146 4782 183 4857 τῷ
197 4776 295 4856 Λούπῳ
312 4774 355 4833 τδν
367 4777 393 4832 ἐν
409 4780 441 4853 τῇ
455 4774 544 4835 Ὀνίου
558 4773 705 4852 καλουμένη
722 4771 785 4830 νεὼν
804 4796 850 4830 κα-

51 4882 72 4918 ω
84 4864 159 4919 isicio
172 4868 223 4923 τῶν
234 4850 374 4924 Ἰούδαίων.
397 4862 430 4922 Ἡ
443 4860 472 4920 δέ
485 4864 554 4919 ἐστιν
567 4862 593 4918 ἐν
611 4859 738 4939 Αἰγύπτῳ
751 4859 796 4918 καὶ
810 4858 852 4917 διὰ

87 4950 202 5022 τοιαύτην
214 4951 299 5009 αἰτίαν
310 4950 409 5029 ᾠκίσθη
426 4949 514 5007 τεκαὶ
531 4947 579 5018 τὴν
596 4946 731 5017 ἐπίκλησιν
747 4944 850 5005 ἔλαθεν.

87 5035 170 5104 Ὀνίας
182 5039 299 5114 Σίμωνος
318 5036 386 5110 υίὸς,
402 5028 436 5103 εἷς
450 5041 502 5094 τῶν
521 5040 548 5094 ἐν
563 5032 750 5114 Ἱεροσολύμοις
762 5036 853 5113 ἀρχιε-

89 5122 159 5199 ρέων,
182 5126 281 5206 ρεύγων
307 5123 439 5202 Ἀντίοχον
461 5123 506 5181 τὸν
526 5123 623 5203 Συρίας
646 5122 753 5200 βασιλέα
775 5122 853 5178 πολε-

90 5216 182 5281 μοῦντα
195 5220 247 5277 τοῖς
258 5209 407 5290 Ἰουδαίοις,
421 5202 484 5283 ἧκεν
505 5214 540 5279 είς
559 5210 758 5290 Ἀλεξάνδρειαν.
800 5207 854 5269 Καί

518 476 569 535 DE
589 474 708 535 hutho
728 474 810 533 tun.
833 475 905 533 Lttt.
928 474 994 533 vlt.
1017 474 1096 533 CAP.
1116 474 1147 531 ll.

1426 470 1546 547 [respon]
1570 482 1646 532 ,8³8

879 612 944 675 qood
953 612 1054 661 incensa
1063 613 1114 660 erat
1123 610 1252 667 utmultos,
1260 612 1331 657 eharn
1338 607 1389 657 locs
1399 609 1479 670 procul
1488 615 1578 659 remota
1589 611 1652 660 irico-

880 712 963 769 lentes,
977 708 1124 771 perturbatio
1132 710 1254 768 attingeret
1265 720 1292 755 ao
1303 706 1441 769 periculum.
1457 710 1571 757 Praeterea
1582 708 1653 757 etiam

881 809 1029 858 Alexandriae
1041 809 1065 857 iu
1075 812 1175 869 AEgypto
1186 810 1267 871 postea
1284 808 1370 855 accidit
1385 811 1411 856 ut
1430 808 1499 855 multi
1515 808 1654 858 iudeorum

880 910 1035 959 cederentur.
1069 912 1130 959 istos
1138 912 1199 959 enim
1217 924 1246 959 ex
1263 912 1400 960 sicariorum
1418 913 1531 973 factione,
1548 916 1589 976 qui
1608 915 1656 964 illic

881 1013 996 1074 eltugium
1012 1014 1105 1075 assequi
1125 1017 1268 1075 potueruut,
1281 1026 1328 1061 uon
1340 1012 1398 1061 satis
1408 1017 1458 1062 erat
1476 1014 1500 1062 io
1521 1018 1574 1064 tuto
1590 1030 1655 1079 essc3

881 1124 964 1161 uerum
986 1112 1071 1161 iterum
1098 1126 1171 1160 noras
1188 1124 1226 1161 res
1252 1112 1417 1171 moliebantur,
1437 1116 1460 1162 et
1476 1115 1557 1163 multis
1576 1116 1656 1178 hospi·

882 1221 933 1264 tum
945 1226 1044 1263 suorum
1057 1212 1228 1275 persuadebant
1251 1213 1278 1260 ut
1294 1225 1321 1260 se
1333 1212 1357 1259 iu
1369 1212 1501 1261 libertatem
1512 1221 1658 1276 assererent,

881 1321 905 1363 et
916 1317 1037 1363 Romanos
1049 1311 1145 1373 quidem
1166 1311 1223 1359 nihil
1233 1310 1290 1374 ipsis
1307 1311 1417 1360 meliores
1434 1313 1558 1373 putarent,
1579 1316 1658 1361 Derim

883 1424 937 1461 vero
945 1410 1145 1473 prosoiodomino
1156 1410 1275 1458 traherent.
1285 1414 1364 1467 Quum
1372 1416 1451 1458 sutem
1461 1411 1599 1475 iudeorum
1608 1413 1658 1473 qui·

882 1508 992 1557 demooo
1004 1509 1152 1570 ignobilesiis
1160 1509 1500 1572 adversarentur,eosqntdem
1511 1511 1657 1573 occiderunt,

882 1609 1164 1658 ceterisreroinstabant
1181 1609 1209 1657 ed
1222 1610 1377 1659 detectionem
1392 1612 1599 1661 eosstirnulantes.
1624 1612 1657 1662 u-

883 1709 959 1758 lorum
971 1714 1051 1759 autern
1064 1711 1196 1759 vecordiam
1208 1716 1232 1759 et
1243 1712 1371 1759 amentiam
1380 1724 1453 1771 qurrnr
1466 1712 1573 1761 riderent
1588 1726 1658 1762 sena·

883 1814 922 1862 tus
933 1810 1062 1874 primores,
1077 1811 1141 1860 haud
1156 1812 1258 1873 amplius
1268 1812 1313 1861 sibi
1326 1817 1405 1862 lutum
1415 1826 1467 1862 esse
1485 1814 1660 1865 arbitrabantur

883 1924 933 1961 rem
948 1911 1079 1973 negligere;
1092 1911 1152 1971 sed,
1166 1912 1257 1961 iudeis
1274 1912 1386 1961 omnihus
1397 1914 1426 1963 ad
1440 1916 1576 1965 concionem
1589 1929 1660 1965 voca-

882 2011 930 2072 tis,
942 2012 1081 2060 sicariorum
1094 2012 1251 2061 temeritatem
1265 2013 1410 2085 arguebant,
1422 2014 1476 2063 illos
1485 2016 1593 2065 omnium
1609 2030 1661 2065 rna-

884 2112 960 2160 lorum
977 2124 1073 2160 oausam
1091 2123 1143 2160 esse
1159 2112 1367 2163 demonstrantes:
1383 2134 1395 2157 r
1412 2116 1437 2164 et
1459 2128 1535 2175 nunc,
1553 2116 1661 2177 aiebant,

884 2208 944 2267 illos,
951 2210 1062 2283 quoniam
1069 2223 1177 2271 usquam
1185 2210 1299 2273 iugissent
1307 2211 1403 2274 quidem
1413 2215 1500 2262 certam
1508 2226 1574 2275 spem
1580 2216 1662 2263 salutis

884 2308 970 2356 hahere
983 2308 1106 2358 rideantur
1121 2310 1148 2371 (a
1171 2311 1283 2359 Romanis
1294 2314 1381 2361 etenim
1393 2314 1502 2373 cognitos
1512 2315 1595 2363 statim
1607 2328 1661 2377 per-

885 2409 961 2457 ituros
973 2410 1052 2473 esse),
1065 2410 1109 2459 sihi
1121 2408 1200 2461 debite
1212 2412 1344 2462 calamitate
1360 2414 1449 2475 replere
1463 2428 1504 2464 eos
1517 2416 1559 2477 qui
1574 2416 1662 2465 nullius

885 2504 984 2554 tuissent
993 2504 1073 2555 delicti
1091 2507 1249 2569 participent·
1270 2508 1385 2570 Populum
1407 2509 1488 2571 itaque
1506 2510 1663 2581 hortabantur¹

886 2604 911 2648 ut
923 2603 1024 2650 exitium
1036 2602 1066 2649 ab
1077 2601 1123 2651 illis
1132 2608 1255 2663 carerent,
1267 2606 1340 2665 atque
1348 2609 1424 2653 seruet
1432 2606 1526 2656 illorum
1536 2607 1662 2657 traditione

885 2698 997 2747 llomauis
1004 2702 1153 2747 excusarent.
1184 2698 1305 2748 intellecta
1315 2699 1385 2761 igitur
1396 2701 1493 2763 periculi
1500 2703 1663 2764 magnitudine

886 2790 956 2842 dictis
973 2798 1114 2855 paruerunt,
1126 2794 1250 2855 multoque
1269 2795 1360 2858 impetu
1382 2797 1406 2845 iu
1425 2797 1522 2847 sicarios
1545 2798 1606 2849 laeto
1624 2812 1665 2849 eos

887 2888 1054 2952 corripiebant.
1105 2889 1250 2952 illorumque
1275 2893 1379 2941 sexcenti
1402 2894 1482 2943 statius
1506 2896 1569 2958 capti
1593 2898 1663 2956 srrnt;

886 2990 1003 3047 quotquot
1016 3000 1072 3035 vero
1081 2988 1106 3036 in
1118 2990 1246 3050 AEgyptum
1256 2989 1399 3052 Thebasque
1410 2990 1475 3041 illius
1484 2992 1586 3054 regionis
1602 2994 1664 3043 eitu-

887 3083 986 3141 geraut,
1004 3094 1052 3130 uon
1068 3081 1144 3130 inulto
1163 3088 1216 3145 post
1236 3086 1401 3147 comprehensi
1423 3086 1561 3149 reductique
1584 3093 1664 3137 sunt:

888 3190 991 3239 quorum
1010 3180 1103 3226 nonest
1116 3178 1156 3241 qui
1171 3178 1243 3227 anirni
1257 3180 1382 3242 duritem,
1399 3182 1449 3231 sive
1465 3182 1599 3245 desperatio
1614 3184 1666 3233 sire

888 3272 1016 3323 voluntatis
1027 3274 1156 3336 pertinacia
1174 3276 1204 3323 sit
1218 3274 1332 3335 dicenda,
1350 3289 1396 3325 noo
1408 3276 1569 3341 obstupuerit.
1602 3280 1663 3328 Nam

888 3371 953 3419 omui
975 3383 1060 3431 genere
1078 3373 1250 3419 tormentorum
1270 3375 1295 3420 et
1311 3372 1416 3435 corporis
1434 3372 1559 3423 roratione
1578 3374 1602 3423 ln
1625 3388 1666 3425 eos

889 3467 1022 3527 excogitata
1044 3467 1076 3516 oh
1100 3468 1145 3515 hoc
1163 3468 1330 3531 solummodo,
1352 3473 1379 3517 ut
1397 3472 1517 3519 cessorem
1542 3470 1667 3519 domiuum

889 3570 1057 3625 agnoscerent,
1070 3577 1141 3613 nemo
1156 3565 1242 3624 cessit,
1251 3578 1328 3627 neque
1343 3565 1367 3616 ld
1379 3567 1456 3616 dicere
1465 3566 1525 3631 velle
1541 3568 1608 3617 risus
1617 3574 1667 3630 est;

890 3661 932 3710 sed
945 3662 1128 3711 omnesanimos
1139 3662 1279 3713 necessitate
1288 3664 1421 3727 superiores
1437 3648 1623 3727 conseruerunt,
1640 3670 1668 3714 ut

890 3757 932 3820 qni
951 3758 1089 3821 corporibus
1106 3772 1176 3808 sensu
1195 3760 1347 3823 earerrtibus,
1365 3760 1489 3810 animabus
1509 3762 1602 3810 lantum
1619 3774 1667 3809 non

892 3853 971 3903 laetitia
979 3854 1133 3915 gestientibus
1143 3856 1392 3921 cruciatusignemque
1401 3858 1554 3920 susciperent.
1566 3858 1668 3907 Maxime

890 3954 970 3999 autem
982 3964 1109 4015 puerorum
1127 3959 1185 4003 aetes
1204 3958 1350 4016 spectatores
1361 3954 1539 4017 obstupefecit:
1564 3968 1619 4003 narn
1639 3969 1668 4003 ne

891 4046 922 4098 ab
932 4046 1027 4097 illorum
1038 4048 1134 4111 quidem
1153 4050 1201 4099 ullo
1224 4052 1325 4114 exprimi
1336 4052 1413 4114 potuit
1425 4055 1451 4099 ut
1460 4053 1580 4101 cesarem
1592 4050 1668 4099 domi-

891 4159 949 4193 uum
962 4146 1116 4209 appellarent.
1151 4150 1232 4210 Usque
1241 4147 1301 4197 adeo
1317 4160 1442 4211 corporum
1455 4148 1586 4197 infirmitati
1607 4160 1668 4210 prm-

892 4240 987 4291 ralebat
999 4243 1103 4293 audacie
1116 4244 1161 4292 ris.

924 4346 947 4389 2.
960 4342 1042 4401 hrrpus
1053 4344 1109 4389 trruc
1120 4340 1285 4389 Alexandriam
1303 4338 1496 4397 administrabat,
1507 4340 1532 4387 ot
1544 4337 1607 4385 buno
1618 4348 1668 4385 mo·

892 4428 944 4475 tum
954 4426 1017 4477 illico
1027 4410 1155 4489 pertituros
1165 4426 1251 4476 Caesari
1262 4426 1411 4485 signiticarit.
1425 4426 1467 4474 ille
1477 4426 1556 4472 auteur
1568 4424 1583 4469 J
1586 4420 1669 4471 udaeos

892 4514 990 4561 archus
1001 4514 1069 4559 noris
1081 4512 1208 4561 moliendis
1225 4525 1346 4573 uunquam
1362 4518 1498 4560 cessaturos
1518 4522 1571 4557 esse
1589 4510 1669 4570 suspi-

893 4613 964 4658 cans,
987 4598 1123 4661 vultusque
1143 4613 1173 4649 ne
1190 4612 1275 4649 rursus
1291 4599 1315 4649 in
1333 4611 1409 4647 unum
1423 4599 1620 4657 congregarentur
1644 4600 1670 4645 et

893 4688 1009 4749 quosdam
1030 4688 1076 4737 sibi
1096 4688 1263 4749 adiungerent,
1283 4685 1396 4749 precepit
1416 4687 1483 4751 Lupo
1504 4687 1532 4731 ut
1553 4683 1668 4742 ternplum

893 4774 1046 4835 ludaeorum,
1057 4776 1080 4823 io
1092 4788 1119 4825 ea
1131 4776 1224 4836 regione
1239 4777 1453 4834 exstructumque
1466 4773 1534 4821 onice
1549 4772 1614 4833 regio
1633 4771 1670 4819 di·

894 4849 1111 4923 citur,demolitnm
1121 4860 1172 4911 iret.
1206 4863 1249 4911 list
1259 4864 1337 4910 autem
1348 4858 1418 4907 illain
1428 4860 1529 4921 AEgypto
1537 4894 1544 4919 ,
1552 4862 1611 4907 etex
1624 4858 1669 4907 lau-

894 4950 998 5010 jusmodi
1013 4962 1084 4999 causa
1096 4948 1191 4998 condita
1209 4954 1246 4996 est
1265 4959 1399 5009 nomenque
1418 4944 1509 4994 habuit.
1543 4944 1615 4994 onias
1632 4942 1670 4992 si-

895 5038 974 5087 monis
985 5038 1060 5098 tilius,
1070 5050 1134 5086 unos
1144 5050 1158 5086 e
1167 5034 1318 5098 poouuotbus
1332 5032 1568 5097 hierosolymitanis,
1579 5030 1671 5092 lugiens

897 5126 1038 5175 Antiochum
1059 5138 1138 5187 regern
1158 5124 1233 5186 syrte
1249 5136 1304 5173 curu
1324 5122 1417 5173 ludaeis
1436 5123 1524 5172 bellurn
1539 5124 1669 5180 gerentem,

898 5214 1063 5264 Alexandriana
1074 5214 1146 5263 renit.
1180 5215 1308 5276 Quumque
1318 5224 1372 5263 suro
1384 5209 1517 5260 humaniter
1537 5205 1668 5267 excepisset
