3825 6059
316 461 368 511 354
410 449 554 529 (manneae)

314 608 326 632 ι
340 582 444 646 πολλοῖς
454 584 508 639 ιιθκ
519 582 571 637 τῶν
583 578 637 637 ἄνω
660 577 745 635 τόπων
763 579 798 641 τίς
816 578 873 642 τούς
889 574 1082 641 ἐπιθαλαττίους

315 696 328 719 ιι
347 666 561 726 ύποκοιταύαίνων
571 664 724 737 Ἑλληνικὸς
737 655 778 735 ἦν,
792 666 821 721 οθ
835 668 868 739 τῇ
886 662 1014 743 διαλέκτῳ
1029 663 1083 740 μό-

340 779 392 825 νον,
408 752 475 813 ἀλλδι
502 753 546 812 καὶ
569 758 601 831 τῆ
621 755 702 833 ψυχῇ.
751 749 805 810 Καί
823 748 881 808 τότε
900 749 1082 831 διατριύόντων

276 909 278 914 Ι
316 844 415 915 ιὴμῶν
431 838 489 918 περί
503 836 549 908 τὴν
571 836 667 909 Ἀσίαν,
686 835 846 921 παραύαλὼν
866 839 902 903 είς
915 836 973 903 τούς
991 834 1082 901 αύτούς

289 942 302 979 a
314 955 326 980 ιι
340 928 432 992 τόπους
444 928 471 984 ἐν
482 916 519 991 οἷς
531 916 609 1002 ἦμεν,
622 922 840 1003 ίνιυγχάνειὴμῖν
851 947 879 981 τε
889 923 934 981 καί
948 945 1015 981 τισιν
1026 922 1081 981 irt-

315 1041 328 1065 ι
345 1035 396 1094 ροις
408 1015 459 1069 τῶν
471 1014 658 1089 σχολαστικῶν,
665 1010 822 1090 πειρώμενος
833 1011 917 1067 αὐτῶν
925 1014 972 1081 τῆς
982 1008 1081 1089 σοφίας.

309 1128 327 1151 „,
337 1100 382 1163 Ὡς
393 1096 420 1156 δέ
432 1099 535 1163 πολλοῖς
545 1100 595 1155 τῶν
606 1098 632 1154 ἐν
645 1096 751 1175 παιδείᾳ
760 1095 932 1175 συνῳκείωτο,
944 1095 1083 1175 παρεδίδου

307 1209 326 1231 -ι
338 1205 363 1239 τι
378 1185 475 1257 μᾶλλον
497 1173 532 1239 ὧν
552 1174 630 1260 εἶχεν.
647 1210 658 1234 ιι
681 1184 763 1241 Ταῦτ’
782 1181 883 1259 εἴρηκεν
906 1180 1083 1259 Ἀριστοτέλης
1112 1194 1114 1199 ’

313 1265 385 1345 παρὰ
396 1270 433 1347 τῷ
448 1267 589 1347 Κλεάρχῳ,
605 1267 650 1325 καί
661 1268 766 1347 προσέτι
780 1266 877 1337 πολλὴν
889 1267 933 1325 καί
940 1268 1082 1343 θαυμάσιον

269 1370 301 1407 το
314 1356 450 1434 καρτερίαν
461 1362 505 1412 τοῦ
524 1354 648 1413 Ἰουδαίου
663 1354 752 1433 ἀνδρὸς
769 1356 795 1411 έν
817 1378 849 1432 τη
863 1354 949 1434 διαίτῃ
968 1354 1012 1412 καί
1032 1378 1083 1412 σω-

316 1441 428 1519 φροσύνη
457 1440 563 1507 διεξιών.
615 1438 721 1499 'Euenor
741 1439 769 1498 δέ
793 1445 846 1506 τοῖς
871 1440 1034 1519 βουλομένοις
1057 1440 1083 1508 ίξ

315 1529 394 1585 αὐτοῦ
410 1527 439 1585 τὸ
454 1525 532 1585 πλέον
548 1530 644 1604 γνῶναι
660 1532 704 1585 τοῦ
723 1524 836 1605 βιύλίου·
855 1526 1016 1606 φυλάττομαι
1033 1527 1084 1607 γάρ

315 1615 368 1689 ἐγὼ
381 1613 415 1670 τά
432 1613 513 1687 πλείω
529 1617 580 1671 τῶν
599 1617 693 1671 ἱκανῶν
710 1614 905 1693 παρατίθεσθαι.
948 1613 1083 1696 Κλέαρχος

315 1700 362 1776 μὲν
373 1692 416 1759 σύν
426 1703 452 1758 ἐν
464 1724 502 1758 πα
519 1700 625 1758 εκύάσει
639 1700 714 1759 ταῦτ’
732 1700 833 1783 εἴρηκεν
856 1700 895 1777 (τὸ
910 1702 961 1780 γθιφ
974 1696 1083 1781 προκεί-

275 1809 299 1847 ta
313 1805 389 1860 μενον
413 1788 483 1865 αύτῷ
504 1724 535 1857 ῆν
555 1785 659 1866 ἕτερον),
684 1786 763 1853 οὕτως
789 1790 862 1863 ἡμῶν
888 1786 1079 1863 μνημονεύσας.

313 1871 452 1938 Ἑκαταῖος
470 1872 497 1930 δὲ
517 1876 531 1929 ό
549 1871 715 1951 Ἄύδηρίτης,
729 1873 795 1951 ’ἀνὴρ
817 1873 952 1953 φιλόσοφος
970 1873 1025 1949 ἅμα
1039 1875 1084 1933 καί

312 1958 372 2036 περὶ
393 1957 438 2025 τδις
451 1958 554 2038 πράξεις
568 1958 739 2033 ἱκανώτατος,
751 1959 907 2040 Ἀλεξάνδρῳ
921 1964 958 2039 τῷ
983 1964 1084 2039 βασιλεῖ

314 2045 481 2120 συνακμάσας
500 2045 544 2103 καί
564 2046 721 2125 Πτολεμαίῳ
735 2051 772 2126 τῷ
788 2046 877 2123 Λάγου
902 2047 1085 2124 συγγενόμενος

194 2196 198 2205 Ι
228 2160 231 2165 -
314 2131 342 2187 ού
354 2128 506 2209 παρέργιιις,
520 2130 588 2188 σἰλλδι
609 2132 667 2211 περὶ
681 2134 765 2190 αὐτῶν
780 2133 911 2192 Ἰουδαίων
925 2134 1084 2215 συγγέγραφε

275 2240 302 2277 20
315 2214 423 2292 βιύλίσν,
438 2216 464 2283 ἐξ
477 2208 509 2275 ού
525 2217 652 2296 βούλομαι
665 2221 850 2297 κεφαλαιωδῶς
860 2221 1013 2299 ἐπιδραμεῖν
1029 2221 1083 2280 ἔνια

313 2306 363 2360 τῶν
377 2303 535 2382 εἰρημένων·
550 2304 594 2362 καί
607 2309 708 2386 πρῶτον
720 2306 837 2373 ίπιδειἜω
849 2306 892 2364 τὸν
906 2308 1010 2385 χρόνον·
1023 2332 1084 2383 μνη-

315 2388 415 2465 μονεύει
428 2388 479 2469 γάρ
488 2394 533 2460 τῆς
557 2390 721 2468 Πτολεμαίου
736 2393 795 2471 περί
810 2392 895 2462 Γάζαν
909 2394 973 2473 πρὸς
990 2397 1084 2472 Δημή-

312 2497 382 2554 τριον
396 2474 495 2553 μάχης·
514 2476 621 2549 αύιηδί
641 2478 742 2556 γέγονεν
760 2479 889 2559 ἑνδεκάτῳ
905 2480 951 2556 μὲν
972 2480 1023 2539 ἔτει
1038 2488 1084 2553 τῆς

314 2561 477 2641 Ἀλεξάνδρου
498 2565 631 2635 τελευτῆς,
654 2566 698 2624 ἐπὶ
721 2566 748 2623 δὲ
770 2567 948 2640 Ὀλυμπιάδος
971 2568 1082 2646 ἑόδόμης

274 2648 358 2706 morri
387 2648 495 2719 δεκάτης
521 2651 566 2708 καί
594 2655 747 2721 ἑκατοστῆς,
771 2656 805 2718 ὡς
835 2657 931 2732 ἱστορεῖ
961 2654 1082 2734 Κάστωρ.

314 2735 440 2814 Προσθελς
456 2735 505 2815 γθιρ
529 2736 625 2807 ταύτην
639 2736 685 2807 τῆν
700 2737 868 2813 Ὀλυμπιάδα
885 2739 977 2818 φησίν,
992 2767 1004 2794 ι
1020 2741 1083 2801 Ἐπὶ

315 2849 328 2873 ιι
343 2821 437 2892 ταύτης
450 2824 612 2899 Πτολεμαῖος
622 2828 636 2882 δ
646 2824 734 2901 Λάγου
748 2826 819 2882 ἐνίκα
830 2824 898 2883 κατά
911 2828 997 2893 Γάζαν
1009 2828 1082 2907 μάχη

315 2934 326 2957 ιι
341 2907 489 2993 ΙΔημήτριον
502 2908 545 2965 τὸν
560 2909 715 2985 Ἀντιγόνου,
728 2910 770 2968 τὸν
785 2911 953 2982 ἐπικληθέντα
969 2916 1082 2993 Πολιορ-

314 3018 328 3042 ι
341 2992 432 3063 κητήν.
460 3021 473 3044 ιι
495 2992 657 3075 Ἀλέξανδρον
682 2997 709 3054 δὲ
733 2996 851 3054 τεθνάναι
875 2998 968 3065 πάντες
990 3003 1083 3075 ὁμολο-

274 3098 302 3163 τῳ
313 3084 402 3156 γοῦσιν
413 3079 457 3137 ἐπὶ
472 3082 519 3151 τῆς
533 3084 673 3153 ἑκατοστῆς
686 3085 970 3163 τεσσαρεσκαιδεκάτης
982 3086 1083 3165 Ὀλυμ-

312 3165 411 3232 πιάδος.
452 3169 537 3236 Δῆλον
559 3158 603 3226 σύν
622 3167 662 3227 ότι
678 3169 722 3227 καί
741 3176 801 3228 κατ’
820 3174 916 3231 ἐκεῖνον
942 3174 988 3231 καὶ
1015 3176 1083 3234 κατά

313 3250 476 3332 Ἀλέξανδρον
488 3253 603 3331 ἤκμαζεν
616 3260 691 3333 ἡμῶν
704 3255 734 3315 τό
748 3257 826 3324 ἔθνος.
869 3259 947 3337 Λέγει
970 3262 1053 3320 τοίνυν
1067 3268 1081 3322 ό

312 3337 451 3405 Ἑκαταῖος
463 3340 542 3399 πάλιν
556 3340 630 3413 τάδε,
642 3341 705 3401 ότιι
721 3343 786 3419 μετὰ
806 3344 853 3415 τὴν
863 3348 889 3403 ἐν
910 3346 981 3426 Γάζῃ
994 3348 1082 3427 μάχην

313 3451 326 3477 ι
340 3427 354 3481 ό
365 3428 528 3503 Πτολεμαῖος
543 3428 642 3503 ἐγένετο
651 3432 702 3487 τῶν
710 3431 769 3509 περὶ
783 3432 883 3509 Συρίαν
893 3432 979 3491 τόπων
990 3437 1083 3514 ἐγκρα-

273 3531 298 3569 an
313 3538 326 3561 ι
340 3510 398 3582 τῆς·
415 3512 461 3572 καὶ
481 3515 572 3573 πολλοί
596 3519 647 3574 τῶν
666 3515 807 3594 ἀνθρώπων
828 3520 1013 3595 πυνθανόμενοι
1036 3522 1082 3593 τὴν

314 3626 326 3649 ι
337 3597 466 3671 ἠπιότητα
480 3599 524 3657 καί
536 3601 728 3682 φιλανθρωπίαν
740 3608 784 3661 τοῦ
809 3606 987 3681 Πτολεμαίου,
1001 3632 1081 3667 συνα-

313 3711 326 3737 ι
338 3685 439 3762 παίρειν
455 3689 490 3751 είς
511 3687 640 3764 Αἴγυπτον
655 3691 726 3768 αύτῷ
746 3690 791 3748 καί
805 3701 933 3749 κοινωνεῖν
949 3696 1000 3751 τῶν
1014 3719 1080 3775 πρα·

312 3798 324 3822 ιι
336 3770 443 3847 γμάτων
465 3771 655 3844 ἠόουλήθησαν.
670 3765 724 3833 Ὧν
739 3767 774 3842 εἶς
793 3768 833 3848 ῆν,
855 3778 944 3856 φησίν,
967 3780 1082 3848 Ἐζεκίας

312 3882 325 3908 ιι
337 3861 351 3913 ό
365 3858 497 3937 ἀρχιερεύς
509 3863 560 3916 τῶν
572 3860 713 3934 Ἰουδαίων,
725 3862 856 3942 ἄνθρωπος
867 3865 913 3933 τήν
924 3864 1081 3940 ,redundantiore

272 3964 299 4001 co
312 3967 324 3994 ι
339 3946 373 4008 ὡς
387 3940 507 4011 ἑξήκοντα
530 3943 556 4012 ἓξ
568 3948 641 4017 ἐτῶν,
655 3950 692 4027 τῷ
704 3949 726 4005 δ’
741 3947 870 4025 ἀξιώματι
888 3956 927 4029 τῷ
941 3953 1013 4032 παρὰ
1029 3960 1082 4021 τοῖς

266 4025 269 4031 ’
311 4054 324 4080 ι
337 4028 466 4105 θμοέθνοις
484 4030 564 4107 μέγας
585 4033 629 4091 καί
644 4031 690 4103 τῆν
712 4034 798 4114 ψυχὴν
813 4038 859 4095 ούκ
871 4038 991 4109 ἀνόητος,
1005 4040 1042 4098 έτι
1054 4041 1082 4100 δὲ

311 4116 381 4174 ικαὶ
395 4115 478 4193 λέγειν
491 4118 596 4185 δυνατὸς
609 4119 654 4176 καί
673 4122 735 4191 [τοῖς
751 4122 823 4201 περὶ]
840 4127 891 4181 τῶν
911 4127 1081 4204 πραγμάτων,

311 4229 323 4253 ι
337 4202 408 4279 εἴπερ
422 4226 460 4269 τις
474 4204 566 4276 ἄλλος,
585 4204 716 4284 ἔμπειρος
731 4207 831 4281 καίτοι,
848 4209 936 4288 φησίν,
952 4215 975 4271 oi
989 4213 1082 4282 πάντες

310 4316 323 4339 ι
342 4292 417 4369 ίερεῖς
430 4294 481 4347 τῶν
494 4291 636 4364 Ἰουδαίων,
653 4297 676 4353 οἱ
693 4295 741 4366 τὴν
755 4296 863 4366 δεκάτην
877 4302 928 4355 τῶν
942 4299 1080 4375 γινομένων

270 4398 296 4435 τι
310 4404 321 4427 ιι
335 4377 529 4453 λαμύάνοντες,
544 4380 590 4437 καί
602 4380 635 4448 τά
649 4382 721 4440 κοινά
736 4384 900 4457 διοικοῦντες,
914 4386 973 4467 περὶ
984 4388 1081 4465 χιλίους

311 4462 452 4537 ιμάλιστα
480 4464 524 4522 καί
546 4468 728 4535 πεντακοσίους
745 4468 817 4530 είσίν.
845 4472 961 4530 »Πάλιν
987 4473 1013 4531 δὲ
1035 4482 1079 4533 τοῦ

309 4550 494 4628 προειρημένου
514 4552 679 4628 μνημονεύων
698 4556 800 4636 ἀνδρὸς,
814 4584 827 4609 ι
847 4550 942 4631 Oinoe,
957 4561 1046 4641 φησὶν,
1067 4568 1080 4621 ό

311 4662 322 4684 ι
341 4634 472 4714 ἅνθρωπος
489 4638 616 4717 τετευχὼς
635 4645 681 4711 τῆς
693 4648 769 4720 τιμῆς
793 4644 889 4715 ταύτης
905 4646 952 4703 καί
970 4650 1080 4722 συντίθης

272 4788 275 4791 ἢ
310 4722 395 4791 ulpio
406 4724 554 4799 γενόμενος,
570 4726 732 4806 παραλαύιύν
748 4753 818 4796 τινας
835 4735 886 4788 τῶν
903 4734 958 4808 μεθ’
972 4738 1079 4809 ἑαυτοῦ,

269 4802 380 4873 τυκτὴν
393 4808 515 4888 διαφορὰν
540 4812 638 4889 ἀνέγνω
651 4824 738 4872 πᾶσαν
757 4818 857 4887 αθτοῖς,
878 4810 932 4896 εἶχε
956 4820 1007 4901 γάρ
1032 4822 1079 4893 τὴν

310 4914 323 4940 ι
333 4891 480 4963 κατοίκησιν
494 4899 578 4955 αὐτῶν
591 4901 636 4957 καί
649 4900 696 4971 τῆν
710 4904 842 4961 πολιτείαν
858 4908 1050 4983 γεγραμμένην,
1066 4940 1077 4962 ι.

312 4966 378 5035 Εἶτα
389 4976 528 5048 Ἑκαταῖος
552 4985 625 5063 δηλοῖ
640 4988 719 5046 πάλιν
742 4993 796 5056 πῶς
819 4990 913 5069 ἔχομεν
937 4994 1001 5072 ’πρὸς
1021 4997 1079 5065 τοὺς

308 5062 414 5139 νόμους,
428 5064 467 5123 ότι
483 5067 569 5126 πάντα
582 5072 693 5152 πάσχειν
707 5072 781 5156 'Deip
803 5083 848 5135 τοῦ
867 5076 904 5153 μὴ
926 5082 1079 5159 παραόῆναι

307 5149 411 5218 τούτους
425 5154 631 5233 προαιρούμεθα,
644 5160 723 5219 καλὸν
740 5154 805 5222 εἶναι
817 5165 967 5241 νομίζοντες.
988 5198 999 5221 ι
1015 5173 1078 5230 Τοι-

867 448 965 505 ΚΑΤΑ
990 446 1157 541 ΑΠἸΩΝΟΣ
1179 444 1272 502 utun.
1295 445 1329 501 ll.

1770 440 1875 518 [corpu]

1127 602 1138 623 ιι
1152 585 1254 644 peretur,
1263 583 1288 631 et
1298 593 1313 629 a
1323 578 1598 642 superioribnapartibns
1613 576 1647 628 ad
1659 578 1776 627 maritima
1789 580 1834 628 loca
1845 581 1875 629 dr·
1896 562 1897 567 ί

1127 694 1139 717 ι
1152 673 1286 733 scanderet,
1295 685 1343 722 non
1351 684 1459 723 sermone
1468 675 1572 733 tantum,
1583 670 1623 721 ord
1634 672 1707 721 etiam
1715 671 1874 723 autonomon

1128 787 1141 809 ι
1155 769 1213 816 erat.
1225 769 1316 815 littunc
1325 765 1406 826 nohis,
1414 767 1439 815 in
1447 764 1566 815 Amatoria
1575 764 1733 827 degentibus,
1742 766 1875 816 oceiditutu·

1127 884 1139 906 ι
1151 861 1553 925 dornappulaosadtoea,nolrisonna
1561 860 1874 923 aliquamdiu,simnlqnecun

1128 974 1139 997 ι
1153 954 1354 1018 aliisquibusdam
1362 954 1518 1017 philosophiae
1528 954 1655 1013 studiosis,
1664 958 1801 1015 versaretur,
1811 968 1875 1004 eorum

1127 1068 1139 1090 ιι
1151 1047 1272 1110 sapientire
1283 1044 1470 1109 experimentum
1482 1045 1577 1096 tociens.
1588 1048 1677 1108 arque,
1690 1051 1718 1095 ut
1728 1059 1780 1095 cunr
1789 1046 1875 1108 plurimis

1132 1159 1144 1181 ι
1154 1139 1260 1187 doctrina
1272 1138 1438 1201 prestantibus
1445 1138 1588 1187 familiariter
1595 1139 1705 1198 vixerat,
1715 1139 1766 1201 plns
1778 1139 1875 1200 aliquanto

1128 1251 1140 1275 ι
1152 1243 1224 1293 quam
1233 1231 1350 1292 acciperet
1360 1230 1482 1280 nobiscum
1492 1229 1531 1280 ille
1539 1230 1736 1280 communicabat
1749 1248 1760 1271 ι
1789 1234 1837 1280 linc
1850 1231 1875 1277 di

1128 1324 1311 1375 uitaristoteles
1319 1321 1383 1386 apud
1392 1322 1548 1382 clearchum,
1566 1329 1591 1372 et
1602 1336 1675 1385 super
1692 1323 1742 1372 herc
1758 1325 1842 1372 meritam
1854 1338 1874 1371 ιι

1127 1416 1260 1465 mirabilem
1270 1415 1346 1464 tudaei
1357 1414 1401 1463 riri
1413 1416 1436 1463 in
1446 1416 1511 1465 rictu
1527 1415 1697 1465 continentiam
1708 1419 1731 1464 et
1739 1416 1874 1463 castimoniam

1095 1524 1100 1535 '
1128 1519 1212 1563 narrat.
1246 1513 1310 1563 Licet
1335 1516 1414 1562 autem
1437 1512 1570 1563 volentibus
1589 1514 1644 1576 plus
1660 1526 1690 1562 ex
1713 1514 1763 1574 ipso
1778 1514 1829 1561 libro
1843 1528 1873 1561 co

1126 1624 1237 1672 gnoscere
1247 1628 1253 1660 ι
1263 1612 1391 1661 milrieuim
1400 1617 1497 1662 cnutum
1506 1614 1542 1661 est
1554 1624 1584 1661 ne
1594 1611 1742 1674 pluraquam
1753 1611 1873 1661 suffidalad

1124 1706 1212 1766 jiclnm.
1254 1711 1285 1759 nt
1304 1708 1431 1757 Clearchus
1451 1706 1547 1769 quidem
1561 1720 1592 1757 ex
1612 1706 1758 1767 digressione
1772 1708 1811 1755 ista
1829 1708 1872 1755 dixit

1128 1802 1200 1863 (atiud
1211 1805 1273 1855 enim
1284 1804 1329 1866 ipsi
1346 1804 1491 1867 propositum
1505 1804 1581 1865 erat),
1593 1805 1668 1853 nostri
1686 1805 1774 1866 generis
1783 1803 1808 1852 art
1825 1804 1872 1851 trunr
1896 1832 1897 1855 ι

1127 1902 1225 1951 modum
1236 1901 1355 1949 mentione
1368 1900 1437 1949 lacta.
1471 1901 1597 1949 Hecataeus
1614 1906 1697 1951 autem
1716 1900 1827 1957 Abderita,
1845 1900 1871 1945 rir
1896 1886 1897 1899 ¹

1127 2012 1174 2047 non
1187 1997 1257 2045 modo
1275 1996 1443 2059 philosophus,
1456 1995 1497 2044 red
1514 1996 1584 2045 etiam
1597 1996 1671 2044 renus
1689 1994 1790 2056 gerendis
1800 1996 1871 2055 aptiu'r

1128 2091 1328 2149 nurs,Atexandri
1347 2091 1409 2151 regis
1423 2090 1534 2153 equalis,
1551 2104 1606 2141 cunr
1619 2105 1669 2153 quo
1683 2092 1751 2140 etiarn
1763 2091 1869 2149 tiorurt,et

1128 2192 1268 2247 portensum
1288 2186 1414 2235 Ptolemaeo
1431 2186 1486 2246 Lagi
1504 2189 1663 2236 conversatus
1679 2188 1727 2245 est,
1747 2200 1788 2234 uon
1805 2184 1869 2251 obiter,

1128 2280 1169 2329 sed
1180 2280 1209 2329 de
1218 2265 1308 2331 Jrrdriis
1329 2280 1386 2342 ipsis
1405 2280 1492 2329 librum
1502 2282 1656 2344 conseripsit,
1667 2296 1696 2330 ex
1708 2293 1754 2343 quo
1764 2280 1811 2329 nolo
1820 2293 1869 2327 ruru-

1128 2376 1209 2424 matim
1220 2376 1329 2437 quodum
1339 2389 1422 2426 eorum
1441 2390 1496 2439 quae
1506 2377 1574 2426 abeo
1586 2384 1643 2427 sunt
1658 2376 1720 2426 dicta
1737 2387 1869 2438 φαοοιτσιε
1896 2432 1897 2443 2

1127 2472 1276 2534 primumque
1288 2476 1382 2533 tempus
1397 2472 1527 2522 ostendam.
1568 2474 1747 2523 litemiuitenim
1757 2470 1820 2533 prelii
1833 2482 1869 2531 quo

1127 2569 1187 2617 drea
1193 2572 1281 2618 Geram
1291 2568 1396 2617 conflixit
1408 2569 1610 2619 Ptolemaeuscum
1622 2570 1756 2620 Demetrio:
1767 2567 1868 2617 itlndrero

1126 2662 1222 2722 contigit
1234 2664 1358 2712 undecimo
1375 2663 1471 2725 quidem
1484 2677 1545 2713 anno
1562 2678 1576 2712 a
1588 2670 1667 2714 morte
1676 2664 1801 2723 Alexandri,
1809 2664 1869 2722 olyn-

1128 2756 1195 2818 piade
1207 2770 1262 2806 nero
1274 2771 1355 2821 cxru,
1365 2759 1435 2807 sicuti
1443 2766 1520 2808 narrat
1528 2762 1622 2809 castor.
1659 2758 1767 2821 apposita
1780 2756 1869 2807 enintm

1127 2852 1280 2915 Olympiade,
1290 2853 1346 2902 dicit
1361 2870 1366 2901 :
1378 2874 1389 2897 ιι
1399 2854 1448 2905 sub
1458 2854 1501 2904 trac
1513 2855 1657 2905 Ptolemaeus
1666 2856 1721 2917 Lagi
1737 2854 1791 2903 circa
1800 2855 1868 2901 cano
1896 2920 1897 2925 γ

1129 2950 1235 3011 ιρτοείὶο
1252 2950 1371 3012 superarit
1392 2950 1538 2999 Demetrium
1558 2950 1687 3011 Antigoni,
1708 2949 1747 3013 qui
1766 2947 1868 2995 romhrtur

1129 3064 1140 3087 ι
1152 3046 1304 3095 Poliorcetes.
1312 3045 1490 3096 »Alexandrum
1499 3057 1554 3094 nero
1564 3047 1695 3105 agnoscunt
1703 3044 1797 3093 universi
1805 3040 1866 3099 Dlpn·
1896 3104 1897 3113 γ

1127 3137 1195 3199 piade
1206 3152 1262 3187 cxiv
1273 3152 1286 3189 e
1302 3142 1348 3189 nita
1362 3138 1500 3190 excessisse.
1513 3139 1593 3188 Palam
1610 3152 1669 3201 ergo
1678 3141 1713 3188 est
1723 3136 1781 3199 qnod
1791 3140 1811 3184 et
1822 3132 1867 3181 illins
1896 3118 1897 3155 ί

1126 3234 1233 3293 temporo
1246 3235 1269 3279 et
1281 3231 1326 3279 sub
1345 3232 1477 3281 Alexandro
1490 3244 1546 3293 gens
1565 3237 1646 3282 nostra
1669 3232 1775 3283 tloruerit.
1812 3226 1867 3286 tgltur
1896 3207 1897 3231 ί

1127 3332 1249 3377 tlecataeua
1268 3340 1337 3391 porro
1356 3328 1407 3376 tuaac
1423 3327 1502 3377 dicit:
1519 3348 1530 3371 ι
1551 3328 1705 3379 Ptolemaeum
1722 3331 1771 3389 post
1783 3321 1866 3386 pralium

1128 3422 1180 3471 aad
1195 3426 1281 3473 Geram
1301 3423 1406 3471 locorum
1427 3424 1451 3472 in
1475 3418 1543 3485 syria
1563 3424 1652 3473 tactum
1674 3437 1725 3473 asse
1745 3422 1865 3483 computari
1896 3408 1897 3415 ί

1127 3530 1139 3553 ι
1152 3523 1310 3571 magnumque
1336 3510 1458 3559 lominum
1484 3524 1624 3572 numerum,
1652 3511 1744 3573 cognita
1771 3503 1865 3557 t¹toteurri

1128 3622 1140 3645 ιι
1150 3602 1329 3652 mansuetudine
1345 3608 1370 3652 et
1385 3596 1525 3664 clementia,
1543 3618 1598 3655 cunr
1609 3619 1638 3655 eo
1657 3606 1780 3669 protectum
1792 3596 1864 3649 esseni

1127 3714 1138 3735 ι
1152 3700 1292 3761 AEgyptum,
1309 3710 1337 3749 en
1355 3699 1449 3759 animo,
1462 3704 1488 3747 nt
1507 3712 1585 3750 rerum
1602 3699 1753 3761 gerendarum
1767 3695 1865 3759 participes
1896 3700 1897 3755 l

1127 3810 1139 3833 ι
1151 3792 1241 3841 tierent.
1273 3797 1382 3850 Quorum
1401 3807 1476 3853 unus,
1499 3792 1591 3855 inquit,
1607 3798 1659 3843 erat
1678 3792 1767 3843 dietim
1782 3786 1864 3851 puntiter

1128 3906 1139 3929 ι
1151 3885 1289 3936 iudaeorum
1301 3902 1308 3935 ι
1322 3888 1392 3937 tromo
1415 3894 1485 3938 etate
1503 3890 1599 3951 quidem
1610 3892 1680 3952 qnasi
1696 3892 1864 3938 annorumnru,
1896 3870 1897 3917 t

1127 3996 1139 4019 ι
1151 3978 1263 4038 dignitate
1274 3992 1330 4028 vero
1340 3979 1402 4043 apud
1413 3982 1538 4042 populares
1548 3994 1604 4030 auos
1615 3994 1726 4043 magnus,
1741 3984 1763 4028 el
1771 3974 1831 4025 aninri
1839 3982 1864 4018 sa·
1896 4050 1897 4055 γ

1127 4094 1139 4117 ι
1150 4075 1235 4136 pientia
1253 4090 1300 4124 non
1318 4077 1482 4136 mediocri,et
1501 4077 1594 4127 dicendi
1614 4078 1724 4127 laenitate
1739 4069 1864 4137 pollenamt,

1127 4184 1139 4207 ι
1151 4166 1233 4227 siquis
1246 4168 1319 4228 alius,
1332 4180 1409 4215 rerum
1424 4167 1513 4228 peritus
1529 4188 1534 4215 ι
1548 4180 1697 4229 quanquam,
1712 4172 1737 4215 nt
1751 4167 1791 4223 ait,
1800 4171 1863 4209 omues

1127 4259 1289 4308 cludaeorum
1311 4260 1458 4321 sacerdotes,
1468 4260 1509 4322 qui
1525 4260 1629 4309 declinas
1644 4262 1668 4309 ln
1688 4262 1760 4310 lucem
1770 4256 1863 4304 editorum
1896 4280 1897 4293 ι

1126 4376 1138 4399 ι
1152 4357 1270 4417 accipiunt
1280 4364 1304 4405 ct
1316 4370 1353 4405 rea
1370 4356 1391 4404 in
1402 4358 1521 4405 communi
1536 4357 1624 4419 positas
1636 4357 1803 4411 administrant,
1814 4348 1862 4397 mitte
1896 4350 1897 4371 ν

1126 4473 1137 4495 ι
1150 4458 1264 4500 omueset
1272 4452 1391 4514 quingenti
1403 4452 1458 4501 sint.
1471 4472 1483 4494 ν
1493 4454 1585 4502 Rursus
1594 4459 1674 4502 autem
1695 4453 1736 4501 riri
1745 4452 1788 4512 jam
1797 4440 1862 4495 landulfi

1124 4542 1266 4591 mentionem
1285 4544 1385 4605 tacteus,
1402 4564 1414 4587 ιι
1428 4544 1484 4607 llic,
1508 4546 1599 4607 inquit,
1611 4546 1684 4595 lromo
1703 4546 1760 4593 turne
1775 4542 1861 4589 trecoren

1126 4660 1137 4681 ι
1150 4644 1304 4701 assequutus,
1317 4640 1439 4702 laetusque
1450 4642 1518 4689 nobis
1540 4641 1673 4700 familiaris,
1686 4640 1723 4688 irbi
1738 4634 1835 4699 quosdam
1852 4642 1861 4672 c

1125 4750 1136 4773 ιι
1149 4732 1199 4779 suis
1210 4739 1384 4795 assumpserat,
1403 4734 1519 4785 ditlerrnti
1532 4750 1666 4787 amontnem
1681 4738 1724 4787 illis
1734 4728 1833 4794 exposuit,
1844 4726 1860 4771 u

1124 4842 1135 4864 ι
1150 4824 1316 4873 habitationem
1326 4840 1408 4874 eorum
1417 4830 1441 4875 et
1453 4828 1547 4876 ciuilem
1559 4829 1688 4890 mationem,
1699 4840 1766 4891 quana
1776 4820 1861 4878 scillfflfl'

1125 4932 1136 4955 ι
1150 4914 1265 4974 lutrensi,
1280 4918 1365 4977 pariter
1381 4917 1501 4967 iudicarit.
1516 4938 1527 4960 ιι
1561 4920 1651 4969 Deinde
1665 4920 1738 4982 palam
1749 4914 1797 4963 tecit
1810 4910 1862 4957 [tera

1122 5006 1197 5064 tretis,
1207 5018 1261 5066 erga
1277 5006 1339 5067 leges
1350 5008 1450 5069 qualiter
1461 5016 1553 5058 nosrnet
1562 5010 1684 5071 trahemus,
1692 5006 1794 5071 quodque
1801 4993 1862 5048 onnit

1123 5096 1170 5156 pati
1180 5096 1303 5157 malimus,
1313 5110 1384 5159 quarn
1397 5102 1479 5147 contra
1490 5100 1541 5149 illas
1555 5101 1642 5161 lanera,
1655 5096 1815 5171 lrocpulclrrum
1822 5094 1861 5135 tait
1896 5098 1897 5125 l

1122 5197 1260 5245 persuasum
1269 5186 1391 5236 trabentes.
1427 5209 1439 5231 ι
1449 5194 1542 5251 Quare,
1552 5192 1643 5253 inquit,
1660 5197 1785 5251 quanquam
1796 5185 1815 5229 et
1824 5186 1860 5224 nt·
