3825 6059
180 1867 232 1905 it«

118 2729 234 2770 ‚m

185 4452 210 4489 io

217 510 272 567 eso
320 502 463 582 (inques.)

219 1010 232 1034 ι
247 980 323 1046 αύτὸς
332 978 449 1037 ἐκαλεῖτο
460 973 504 1032 καί
514 970 633 1052 dispari)
650 971 729 1050 μυρίῳ
737 967 805 1047 χειρί
813 964 985 1042 καταύάςῆρ-

217 1096 230 1119 ι
242 1089 310 1125 πασε
321 1063 427 1143 Σάρραν
436 1059 566 1139 βασιλίδα,
577 1062 623 1116 τοῦ
632 1055 720 1135 γίνους
730 1058 805 1130 ἡμῶν
814 1052 861 1124 riu
874 1051 984 1131 μητίριι.

217 1181 230 1207 ι
245 1152 281 1213 Τί
294 1143 337 1211 σ’ύν
351 1154 366 1209 6
377 1147 472 1219 ταύτης
487 1142 722 1224 ἀνλρἈύράαμος,
734 1140 875 1218 προπάτωρ
886 1137 912 1196 δὲ
924 1136 986 1213 ἡμί-

217 1268 230 1294 s
247 1262 334 1321 τερος;
351 1227 401 1316 ἀρα
415 1233 458 1293 τὸν
475 1231 598 1313 ύόριστὴν
615 1229 733 1307 ἠμύνατο
744 1231 798 1293 τοῖς
811 1226 912 1296 ὅπλοις,
931 1222 987 1283 καί·

217 1356 230 1381 ι
243 1351 282 1385 τοι
295 1322 470 1384 ὀκτωκαίδεκα
485 1318 531 1397 μίν
543 1317 588 1380 καί
597 1315 757 1397 τριακοσίους
766 1314 896 1394 ὑπάρχους
905 1312 984 1391 ἔχων,

219 1413 354 1489 «δύναμιν
378 1411 401 1468 δ’
422 1408 465 1485 ὑφ’
484 1406 586 1486 ἑκάστῳ
602 1402 698 1463 τούτων
722 1399 872 1480 ἀπειρον,ἢ
894 1397 987 1465 αύτούς

218 1528 230 1555 ι
245 1500 292 1579 μὲν
306 1496 416 1578 ἐρημίαν
429 1487 546 1572 rip-dcam
559 1492 597 1569 μὴ
614 1488 791 1569 συμπαρόντος
804 1490 888 1559 Θεοῦ,
906 1492 986 1545 καθα·

218 1613 231 1642 a
247 1587 292 1668 ρθς
309 1586 331 1643 δ’
343 1581 476 1647 ἀνατείνας
488 1578 535 1645 τὸς
547 1581 636 1659 χεῖρας
648 1580 683 1643 εἰς
696 1575 725 1634 δν
738 1580 782 1633 νῦν
794 1573 916 1649 ἀμιάνατε
930 1576 984 1650 χῶ-

219 1700 231 1724 a
246 1694 288 1751 ρον
296 1665 435 1745 θμείς,τὸν
444 1664 563 1735 ἀνίκητον
574 1666 643 1743 αύτῷ
656 1660 747 1742 βοηθὸν
759 1658 986 1739 ίστρατολόγησενς

219 1758 276 1815 sori
296 1753 363 1831 μετά
383 1750 445 1830 μίαν
459 1750 570 1831 ίσπίραν
588 1749 714 1829 ἄχραντος
733 1747 779 1825 μὲν
796 1748 868 1825 αύτῷ
881 1750 897 1816 ἡ
912 1744 987 1823 βασί-

245 1844 323 1900 λισσα
337 1836 486 1918 ἀνεπέμφθη
501 1836 563 1917 πρὸς
571 1836 614 1895 τὸν
628 1835 724 1916 ἄνδρα,
738 1836 888 1914 προσκυνῶν
901 1830 928 1888 δὲ
944 1830 987 1888 τὸν

221 1954 233 1981 s
248 1927 290 2003 ὑφ’
301 1928 374 2001 ὑμῶν
384 1922 544 2003 αίμαχθίντα
553 1926 637 2003 χῶρον
650 1920 772 2001 ὁμοφύλῳ
783 1918 866 1999 φόνῳ,
875 1917 921 1976 καὶ
929 1916 988 1996 τρί-

220 2042 233 2067 s
241 1996 299 2093 μων
311 2011 362 2070 ἀπὸ
377 2014 428 2069 τῶν
449 2012 476 2069 ἀν
489 2010 561 2068 νυκτὶ
575 2006 776 2089 φαντασμάτων,
789 2004 894 2085 ἔφευγεν
909 2007 923 2062 6
941 2005 988 2063 Αί·

220 2128 233 2152 ι
247 2100 370 2178 γύπτιος,
385 2096 489 2177 ἀργύρῳ
507 2095 534 2154 δὲ
554 2095 598 2154 καί
616 2096 706 2175 χρυσῷ
727 2091 785 2157 τοὺς
798 2091 921 2169 θεοφιλεῖς
941 2087 988 2147 Ἓ-

221 2215 233 2240 e
248 2186 352 2268 όραίους
369 2182 531 2263 ίδωρήσατος
546 2182 617 2259 Σεγῶ
634 2177 728 2249 λείπω
744 2175 791 2247 τλν
804 2178 843 2242 εἰς’
857 2174 988 2253 Αίγυπτον

220 2298 233 2327 ιι
246 2262 379 2349 μετοικίαν
395 2273 446 2327 τῶν
463 2267 591 2347 πατίρων,
602 2264 627 2325 οδ
640 2261 837 2345 τυραννούμενοι
854 2262 899 2320 καί
912 2266 989 2341 βασι-

221 2388 235 2414 ι
247 2364 334 2419 λεῦσιν
346 2355 498 2437 ἀλλοφύλοις
507 2350 720 2418 ὑποπεπτωκότες
726 2348 897 2430 τετρακοσίοις
907 2348 989 2419 ίτεσι,

219 2474 232 2499 ι
246 2443 328 2524 παρὸν
352 2441 440 2509 ὅπλοις
459 2439 605 2517 άμύνασθαι
626 2438 671 2498 καί
690 2437 781 2517 χερσί,
802 2444 868 2517 σφᾶς
895 2434 988 2501 αύτούς

220 2562 232 2586 ι
246 2531 389 2612 ἀπίτρτφαν
399 2534 438 2609 τῷ
445 2531 521 2607 Θεῷς
532 2527 580 2594 Τίς
587 2515 692 2585 ούκόίδι
704 2524 751 2597 τὴν
758 2526 787 2582 ίκ
798 2521 989 2599 παντδςθηρίου

220 2646 232 2673 a
245 2618 472 2691 καταπλησθεῖσαν
480 2613 612 2691 Αίγυιετον
621 2613 666 2671 καί
676 2612 750 2689 πάσῃ
761 2615 901 2691 φθαρεῖσαν
912 2608 989 2689 νόσῳ,

247 2706 295 2779 τὴν
303 2706 421 2784 ἄκαρπον
433 2706 491 2779 γῆν,
505 2702 547 2759 τὸν
560 2698 723 2759 ἀπιλείπονεα
733 2699 840 2772 Νεῖλον,
852 2695 898 2762 τὰς
909 2696 990 2753 ἀπαλ-

220 2823 233 2847 ι
243 2793 338 2864 λήλους
360 2790 422 2849 δίκα
435 2786 553 2864 πληγδις,
569 2785 627 2853 τοῦς
648 2784 690 2843 διὸ
703 2790 786 2843 ταῦτα
801 2781 868 2859 μετδ
880 2789 991 2861 φρουρᾶς

221 2907 234 2931 s
247 2874 478 2957 προπεμπομένους
491 2870 606 2950 πατίρας
620 2873 706 2946 ἡμῶν,
717 2868 904 2944 ἀναιμάκτους,
920 2869 991 2925 άκιν·

221 2991 234 3017 ι
246 2963 346 3034 δόνους,
359 2960 401 3028 οῦς
413 2964 427 3017 6
437 2958 504 3025 Θεὸς
517 2961 601 3037 ἐαυτῷ
612 2955 750 3036 νεωκόρους
760 2946 840 3031 ἦγινς
855 2952 933 3012 Ἀλλά
943 2952 990 3025 τὴν

222 3079 234 3103 ι
246 3050 291 3108 ὕπ’
311 3045 450 3126 Ἀσσυρίων
463 3044 626 3125 ἁρπαγεῖσαν
644 3041 720 3120 άγίαν
738 3045 801 3116 ἡμῖν
815 3039 933 3118 λάρνακα
945 3042 991 3099 οθκ

223 3164 237 3190 ιι
249 3132 366 3201 ἀστίναξε
387 3131 433 3208 μὲν
450 3135 468 3202 ἠ
485 3127 648 3200 Παλαιστίνη
668 3129 713 3187 καί
730 3126 824 3205 Δαγὼν
841 3126 871 3185 τὸ
893 3125 989 3201 ξόανον,

221 3250 234 3275 ι
247 3218 365 3286 ίατίναξε
376 3217 404 3277 ii
416 3226 468 3275 πᾶν
485 3214 515 3274 τὸ
534 3218 585 3274 τῶν
597 3214 790 3295 ἁρπασαμένων
808 3212 893 3284 ε’θνος,
905 3212 989 3285 σηπό-

221 3335 233 3361 s
247 3330 320 3386 μενοι
336 3305 363 3363 δὲ
376 3303 410 3363 τὸ
422 3302 524 3381 κρυπτά
537 3308 583 3361 τοῦ
603 3300 738 3379 σώματος,
754 3301 799 3359 καί
812 3302 844 3359 δι’
859 3300 990 3359 αὐτῶντὸ

224 3416 236 3451 a
249 3391 389 3471 σπλάγχνα
401 3389 468 3468 μετὰ
478 3393 530 3448 τῶν
542 3388 628 3448 σιτίων
640 3386 840 3469 καταφίρυντες,
848 3387 924 3465 χερσί
934 3394 991 3453 ταῖς

223 3508 235 3533 a
250 3478 419 3556 incoepisses
441 3476 609 3552 ἀνεκόμισαν,
629 3474 771 3550 κυμῦάλων
789 3474 832 3532 καί
847 3472 991 3549 τυμπάνων

223 3594 235 3620 a
250 3568 322 3646 ἤχῳ,
335 3565 382 3624 καὶ
392 3572 458 3623 πᾶσι
473 3560 656 3641 μειλικτηρίοις
670 3559 838 3636 ἱλασκόμενοι
851 3559 881 3617 τὸ
899 3558 990 3634 ἀγιον;

138 3678 147 3691 ·
222 3681 235 3707 ι
249 3653 316 3719 Θεὸς
328 3643 360 3723 ἦν
371 3656 479 3709 δταῦτα
493 3645 763 3725 πατράσινήμετὲροις
776 3647 938 3723 στρατηγῶν,
950 3643 992 3702 ότι

224 3766 236 3789 ι
250 3737 295 3805 τδις
312 3744 403 3817 χεῖρας
422 3734 467 3793 καί
488 3732 522 3791 τὸ
543 3732 612 3791 όπλα
630 3730 754 3810 παρίντες
774 3733 844 3810 αύτῷ
863 3737 949 3808 κρῖναι
962 3728 992 3787 τὸ

176 3858 181 3867 ·
224 3852 236 3876 ι
251 3823 324 3902 ἔργον
343 3822 496 3901 ἀπέτρεψαν.
536 3816 661 3881 Βασιλεύς
678 3815 818 3896 Ἀσσυρίων
838 3815 992 3895 Σεναχηρὶμ

224 3936 236 3962 a
251 3907 294 3966 ὅτε
307 3918 394 3967 πᾶσαν
405 3908 452 3977 τὴν
462 3906 550 3965 Ἀσίαν
562 3902 742 3982 ἐπισυρόμενος
752 3903 829 3975 τήνδε
839 3924 992 3983 περιεστρα-

224 3994 420 4053 «τσπιδεύσατο
442 3992 490 4063 τὴν
517 3991 601 4062 πόλιν,
624 3982 676 4071 ἀρα
700 3990 789 4069 χερσίν
819 3989 991 4068 ἀνθρωπίναις

222 4106 235 4130 e
253 4080 361 4153 ίπεσεν;
383 4081 441 4237 οὐχ
452 4081 478 4136 αἱ
495 4078 542 4155 μίν
562 4076 613 4135 ἀπὸ
632 4080 685 4135 τῶν
700 4074 788 4134 όπλων
805 4080 949 4153 ἠρεμοῦσαι
966 4076 993 4132 ίν

223 4188 418 4330 :ororii
437 4158 994 4330 eremitoriolum}

220 4369 233 4392 a
250 4342 362 4406 ἀναστὰς
373 4343 387 4398 6
399 4337 530 4419 Ἀσσύριος
548 4336 724 4396 ὀκτωκαίδεκα
737 4334 862 4414 μυριάδας
876 4334 918 4390 troi
929 4356 994 4390 πεν-

224 4455 236 4480 s
251 4424 521 4507 τακεσχιλίοιςνεκρδεν
529 4416 607 4505 ηῦρε,
620 4422 686 4501 petia
701 4424 727 4481 δὲ
739 4426 790 4480 τῶν
802 4420 995 4497 καταλειπομί-

224 4542 237 4565 «
249 4538 299 4573 νων
314 4514 440 4581 ἀνόπλους
456 4512 501 4571 καὶ
521 4510 559 4589 μὴ
579 4509 717 4575 διώκοντας
738 4507 876 4590 Ἓύραίους
890 4506 995 4587 ἔφυγενς

225 4624 237 4651 s
249 4596 320 4661 Ἴστε
334 4600 361 4659 δὲ
373 4601 417 4659 καί
428 4600 476 4671 τὴν
487 4600 515 4657 ίν
526 4597 662 4659 &detdic
673 4594 799 4668 δουλείαν,
812 4594 870 4654 ἔνθα
885 4594 995 4671 μετανά-

226 4711 239 4737 ·
251 4708 314 4755 στος
329 4684 365 4745 ὢν
380 4691 394 4746 6
414 4687 476 4754 λαὸς
490 4684 572 4744 ίτεσιν
591 4683 767 4760 ίύδομήκοντα
782 4684 811 4742 ού
823 4683 946 4762 πρότερον
961 4682 996 4749 εἰς

225 4798 238 4822 ι
252 4772 395 4853 ίλὶυθερίαν
407 4770 594 4851 ἀνεχαίτισενῆ
609 4774 694 4851 Κῦρον
704 4776 779 4829 τοῦτο
790 4768 948 4848 χαρίσασθαι
957 4770 996 4847 τῷ

185 4892 214 4928 συ
225 4883 238 4910 ‘¹
253 4857 324 4936 Θῑῷ
364 4859 594 4939 Προύπίμφθησαν
608 4864 670 4937 γοῦν
691 4858 735 4915 ὑπ’
758 4858 846 4927 αὐτοῦ,
860 4854 906 4914 καί
916 4854 996 4912 πάλιν

226 4972 239 4997 ι
250 4942 295 5001 τὸν
309 4944 395 5000 αὐτῶν
412 4943 553 5024 σύμμαχον
571 4942 735 5024 ἐνεωκόρουν.
786 4942 905 5004 Καθολου
925 4940 948 4999 δ
960 4943 996 4998 εί·

227 5059 239 5083 ι
252 5032 321 5099 πεῖν,
329 5030 376 5087 ets
382 5028 472 5086 ίστινδ
476 5052 502 5088 τι
510 5028 685 5110 κατώρθωσαν
697 5031 721 5087 oi
734 5027 842 5107 πατίρες
855 5029 930 5103 ἡμῶν
943 5034 996 5092 τοῖς

227 5146 238 5167 ι
249 5116 354 5188 ὅπλοις,
377 5114 394 5185 ἢ
413 5114 474 5194 δίχα
493 5113 589 5173 τούτων
602 5115 743 5195 διήμαρτον
762 5113 942 5193 ἐπιτρίψαντες
956 5116 993 5191 τῷ

227 5205 322 5284 «Θεῷ.
364 5199 490 5267 Μίνοντες
501 5197 547 5278 μίν
558 5224 588 5278 γε
602 5199 669 5259 κατὰ
687 5198 776 5279 χώραν
790 5198 880 5258 ἐνίκων
896 5202 931 5263 ὥς
942 5198 995 5256 ἀδό-

629 484 705 553 'roi
726 492 820 573 roro.
843 478 1033 551 noreuor'
1051 488 1143 547 urea.
1166 492 1197 548 n.
1220 484 1363 549 Aroe.

215 655 228 686 t
242 638 324 695 πάλαι
336 632 473 709 πολεμίους
483 631 614 705 καθεῖλεν;
627 616 700 702 ’Eprio
709 624 756 701 μὲν
770 624 866 703 φρίττω
876 621 909 679 τὸ
920 622 983 700 ἔργα

215 752 227 776 ·
243 730 288 782 τοῦ
300 723 369 781 Θεοῦ
383 719 465 797 λε’γων
475 720 510 783 εἰς
519 714 635 782 ἀναξίους
647 712 738 779 ἀκοάς·
753 710 858 769 ἀκούετε
869 712 890 767 δ’
900 708 984 784 ὅμως,

216 838 228 861 ι
241 808 284 867 ίνα
295 811 377 885 γνῶτε
388 802 425 881 μὴ
434 800 656 879 μόνονῬωμαίοις
666 800 850 874 πολεμοῦντες,
858 794 925 853 ἀλλδι
937 794 982 852 καὶ

218 898 279 973 «τῷ
293 894 366 972 Θεῷ.
407 886 533 954 Βασιλεύς
544 891 558 945 6
570 885 628 944 τότε
642 883 754 963 Νεχαὼς
766 881 914 959 Αἰγυπτίων
927 879 953 957 (6
963 881 985 937 δ’
1000 890 1001 893 ’

1641 488 1807 567 [ιιι-ιιε.]

1031 652 1043 677 ι
1057 636 1137 685 laosteo
1147 634 1203 684 olim
1220 635 1289 685 nobis
1302 635 1404 685 emedio
1415 634 1526 685 sustulit?
1540 638 1588 696 ligo
1600 638 1680 684 autem
1691 637 1811 685 irorreseo

1031 730 1157 780 ‹reterens
1177 730 1238 779 iacta
1258 730 1301 779 Del
1322 730 1469 779 auditoribus
1489 729 1590 791 indignis
1611 736 1810 780 :verumtamen

1031 826 1148 887 «audite,
1172 830 1199 877 ut
1216 826 1362 889 cognoscatis
1377 829 1424 875 non
1445 826 1522 875 solum
1540 839 1594 875 cum
1611 828 1724 877 Romanis
1743 840 1810 889 ros,

1056 922 1096 971 aed
1105 923 1176 971 etiam
1185 935 1241 971 cum
1254 926 1304 972 lieo
1314 922 1401 972 bellum
1414 936 1502 987 gerere.
1534 922 1636 983 deciso,
1648 923 1690 985 qui
1702 928 1754 972 tum
1762 937 1810 973 rea

1055 1022 1106 1067 erat
1119 1018 1294 1080 egyptiorum,
1307 1018 1416 1081 idemque
1434 1019 1524 1069 Pbarao
1539 1018 1675 1079 recabatur,
1693 1028 1748 1069 cnm
1770 1020 1810 1069 in·

1053 1112 1118 1161 linita
1128 1124 1199 1163 manu
1210 1112 1345 1173 descendit,
1356 1113 1506 1175 reginamque
1516 1116 1609 1163 Sarrum
1622 1114 1697 1162 nostri
1709 1115 1809 1175 generis

1054 1208 1153 1257 matrem
1164 1207 1250 1269 rapuit.
1282 1208 1345 1265 Quid
1355 1208 1426 1271 igitur
1436 1209 1471 1257 vir
1482 1208 1533 1272 ejus
1543 1206 1688 1268 Abraamus‚
1698 1222 1808 1271 prossus

1058 1302 1153 1350 noster?
1166 1313 1222 1350 num
1239 1300 1330 1363 injurie
1342 1306 1462 1352 auctorem
1475 1302 1540 1351 ultus
1552 1306 1589 1353 est
1606 1300 1691 1362 armis,
1703 1302 1743 1364 qui
1757 1307 1808 1351 tre·

1034 1414 1046 1437 ν
1058 1399 1138 1445 oeulos
1147 1398 1171 1445 et
1182 1395 1313 1445 octodecim
1325 1396 1449 1459 praetentus
1462 1396 1577 1458 babebat,
1590 1409 1691 1458 quorum
1704 1397 1810 1459 singulis

1033 1490 1146 1539 «infinita
1158 1490 1254 1552 parebat
1267 1490 1406 1552 multitudo,
1419 1504 1448 1540 an
1463 1492 1527 1555 ipsos
1545 1504 1586 1555 pro
1601 1492 1675 1541 nibilo
1686 1505 1738 1543 ease
1758 1492 1808 1542 dn·

1032 1603 1044 1627 ι
1056 1584 1102 1644 xii,
1119 1586 1139 1633 si
1159 1585 1182 1634 ei
1198 1597 1301 1648 presens
1323 1598 1370 1634 non
1388 1586 1482 1635 adesset
1500 1590 1575 1647 liene,
1594 1588 1659 1649 puris
1677 1600 1734 1637 rero
1754 1602 1809 1637 ma·

1018 1681 1126 1730 'auibus
1141 1681 1247 1730 adhunc
1263 1681 1342 1730 locum
1360 1682 1475 1744 pmieuaie
1492 1695 1565 1745 quem
1581 1694 1623 1733 roe
1646 1684 1808 1747 inquinoslis,

1033 1776 1171 1826 «invictum
1196 1776 1242 1826 sibi
1259 1776 1420 1827 auxiliatorem
1442 1777 1472 1826 ad
1498 1777 1604 1828 militiam
1625 1780 1696 1841 legii?
1720 1794 1805 1831 nonne

1033 1891 1045 1915 e
1057 1871 1159 1921 secunde
1167 1872 1263 1935 quidem
1274 1884 1372 1935 vespera
1380 1873 1515 1935 incorrupta
1527 1874 1625 1923 remisso
1634 1878 1671 1924 esi
1682 1876 1764 1938 regina
1774 1877 1807 1925 ad

1034 1968 1180 2030 «maritum3
1200 1968 1322 2031 AEgyptius
1338 1972 1417 2017 numm
1427 2004 1434 2029 ,
1446 1966 1546 2018 adorans
1563 1982 1635 2031 quern
1661 1984 1705 2021 voa
1721 1972 1807 2033 genbii

1033 2084 1045 2108 s
1056 2062 1121 2113 crede
1132 2064 1273 2114 cruentastis
1284 2064 1378 2125 locum,
1388 2068 1412 2113 et
1420 2065 1542 2113 nocturnis
1553 2066 1611 2115 risis
1620 2068 1805 2129 expavefactus,

1034 2179 1046 2204 ι
1058 2160 1161 2221 subigit,
1169 2172 1243 2222 quum
1251 2158 1405 2210 Judreoslieo
1414 2160 1512 2210 dilectos
1520 2165 1710 2223 anroetarqeaio
1721 2162 1809 2213 donas·

1035 2274 1047 2298 a
1057 2259 1110 2321 set?
1121 2255 1200 2305 silebo
1211 2268 1241 2305 an
1252 2255 1329 2305 dloam
1341 2259 1435 2317 patrrnn
1452 2255 1616 2317 migrationem
1628 2256 1652 2305 in
1664 2259 1807 2320 Εςγρευω,

1034 2371 1046 2394 ι
1059 2352 1098 2414 qui
1108 2388 1116 2413 ,
1125 2364 1200 2401 annos
1210 2351 1393 2414 quadringentos
1405 2351 1510 2413 tyrannia
1521 2364 1550 2399 ac
1565 2350 1660 2413 reqibm
1668 2353 1808 2415 alienigenis

1035 2467 1047 2490 s
1059 2446 1163 2509 subditi,
1175 2460 1230 2497 eom
1242 2447 1313 2496 armis
1322 2450 1347 2497 et
1356 2447 1464 2497 manibus
1480 2446 1510 2496 ab
1526 2447 1573 2497 illle
1589 2448 1701 2499 vindicari
1712 2450 1808 2511 potuis·

1035 2563 1047 2585 «
1058 2548 1125 2603 sent,
1137 2543 1277 2605 semetipsos
1287 2545 1337 2592 lieo
1344 2542 1516 2605 permiserunt?
1527 2542 1585 2601 Quia
1596 2544 1670 2593 nescii
1678 2545 1808 2607 lilgyplum

1036 2635 1117 2686 «ieris
1136 2636 1209 2685 variis
1227 2636 1355 2699 repletam,
1373 2636 1520 2701 diversisque
1535 2637 1624 2687 morbis
1639 2637 1670 2687 ad
1683 2639 1807 2689 interitum

1035 2750 1048 2774 s
1061 2734 1271 2795 usquerexatam,
1289 2734 1376 2782 terram
1393 2732 1471 2782 nultos
1482 2732 1573 2783 fruetus
1582 2733 1704 2803 edentem.
1714 2735 1807 2785 Nilum·

1037 2846 1048 2869 ι
1061 2840 1109 2890 que
1117 2841 1179 2891 aqua
1188 2828 1316 2889 deiectum,
1325 2832 1349 2879 et
1359 2829 1484 2879 continuas
1496 2828 1578 2879 decem
1587 2830 1676 2893 plagas,
1685 2834 1710 2881 et
1718 2830 1748 2881 ob
1761 2832 1808 2881 ista

1036 2942 1048 2967 a
1061 2926 1168 2987 parentes
1183 2926 1338 2974 nostroecum
1350 2922 1602 2987 pseudocodicem,
1616 2927 1668 2977 aine
1679 2928 1808 2988 sanguina,

1035 3038 1048 3063 ι
1059 3020 1110 3069 siue
1119 3019 1231 3082 periculo.
1243 3033 1303 3083 quoa
1312 2992 1427 3070 Deuasibi
1439 3020 1573 3070 intedituoa
1582 3020 1699 3073 ducebat?
1723 3026 1809 3073 Nonne

1036 3133 1049 3158 ι
1059 3128 1139 3165 arcam
1157 3116 1253 3179 quidem
1272 3120 1377 3167 nostram
1396 3129 1504 3177 sacram,
1517 3118 1668 3179 Assyriorum
1677 3118 1701 3167 ri
1716 3118 1807 3169 nelarie

1035 3230 1048 3255 ι
1060 3214 1164 3273 raptam,
1173 3211 1260 3273 gemuli
1271 3212 1394 3261 palestina
1405 3217 1431 3262 et
1441 3216 1521 3273 lingon
1531 3192 1807 3277 decimumnonu-

1036 3327 1048 3350 ιι
1059 3320 1105 3369 que
1115 3308 1221 3357 universa
1231 3307 1325 3357 illorum
1336 3308 1377 3370 qui
1387 3322 1440 3359 mm
1450 3312 1575 3373 rapuerant
1585 3310 1661 3369 natio,
1675 3310 1807 3372 podicibus·

1036 3422 1048 3445 ι
1060 3416 1107 3465 que
1117 3404 1323 3466 procidentibusac
1331 3418 1420 3468 pereos
1429 3404 1623 3456 visceribuscum
1629 3406 1682 3455 oibo
1690 3405 1805 3469 delapsis,

1036 3517 1048 3540 ι
1058 3497 1116 3560 ipsis
1124 3510 1178 3560 qute
1185 3504 1309 3575 rapuerant
1318 3500 1428 3549 manibus
1439 3504 1603 3562 reportarunt,
1612 3500 1774 3562 cymbalorum
1782 3506 1806 3552 et

1036 3611 1048 3636 e
1061 3598 1224 3656 tympanorum
1234 3594 1311 3645 sonitu
1319 3598 1344 3645 et
1353 3594 1805 3659 variisplaeaiionibuasaerumexpian-

1037 3707 1048 3729 ι
1059 3693 1110 3738 tea?
1120 3692 1184 3739 Deus
1192 3694 1243 3739 crat
1253 3691 1321 3753 eujus
1331 3690 1403 3740 ductu
1413 3692 1459 3740 ista
1468 3704 1511 3754 pro
1524 3690 1630 3753 patribus
1639 3692 1724 3741 nostris
1735 3705 1804 3753 gere·

1037 3780 1152 3840 «matur,
1164 3770 1286 3843 propterea
1295 3782 1373 3845 quod,
1387 3784 1480 3833 omissa
1489 3786 1563 3834 minis
1573 3798 1602 3835 se
1613 3787 1737 3846 manibus,
1752 3786 1806 3849 eiua

1038 3876 1149 3937 «judicio
1164 3890 1213 3927 rem
1228 3879 1385 3941 permiserint.
1419 3880 1568 3942 Assyriorum
1582 3895 1624 3931 rex
1642 3882 1805 3942 somehow,

1037 3969 1134 4034 «qu'um
1153 3974 1231 4023 Asiam
1250 3974 1384 4023 universam
1399 3988 1480 4025 seeum
1492 3974 1588 4026 duceret
1605 3980 1630 4027 et
1644 3977 1704 4027 bane
1721 3976 1805 4027 urbem

1038 4088 1051 4112 ι
1060 4068 1162 4117 exercitu
1170 4069 1291 4129 cinxisset,
1297 4081 1355 4119 num
1365 4071 1473 4119 manibus
1482 4071 1603 4122 bominum
1611 4072 1711 4121 cecidit?
1722 4085 1802 4123 mnne

1039 4181 1051 4205 ι
1062 4161 1114 4211 istae
1125 4162 1155 4212 ab
1173 4164 1247 4213 armis
1257 4164 1406 4225 quiescentes
1418 4166 1442 4213 in
1459 4164 1565 4214 mcrarila
1576 4169 1655 4226 erant,
1666 4168 1690 4217 ei
1706 4168 1803 4228 angelus

1039 4257 1103 4307 eliel
1114 4271 1160 4307 una
1167 4262 1235 4309 nocie
1245 4258 1363 4308 inlinitum
1371 4257 1458 4309 delerit
1469 4260 1612 4320 exereitum,
1623 4263 1761 4324 posteroque
1767 4262 1806 4313 die

1039 4371 1051 4396 ι
1063 4352 1103 4402 ubi
1113 4354 1215 4403 surrexit
1225 4354 1347 4416 Assyrius,
1357 4358 1452 4403 centnm
1462 4359 1486 4404 et
1492 4356 1610 4418 octoginta
1621 4356 1805 4419 quinquemillia

1040 4447 1149 4510 «reperit
1156 4452 1302 4497 mortuorum
1312 4482 1319 4509 ,
1328 4452 1352 4497 et
1361 4461 1416 4497 enm
1425 4450 1520 4513 reliquis
1529 4450 1641 4502 liebraeoe
1651 4454 1750 4502 inemres
1762 4466 1805 4503 uec

1039 4562 1051 4587 α
1065 4548 1231 4607 persequentes
1247 4542 1365 4605 iqulebai?
1379 4546 1458 4595 liostis
1473 4548 1544 4597 eiiam
1560 4548 1681 4597 senilium
1695 4549 1719 4597 in
1732 4548 1803 4611 Baby·

1040 4658 1052 4681 ι
1063 4638 1129 4699 Ιοιιο,
1141 4637 1264 4688 ubiannos
1273 4640 1420 4701 septuaginta
1429 4642 1531 4703 populus
1541 4642 1564 4691 in
1573 4642 1657 4719 exsilio
1666 4656 1749 4705 aquis.
1759 4656 1804 4693 non

1040 4757 1052 4781 s
1064 4737 1129 4800 prius
1138 4736 1267 4787 libertatem
1280 4738 1439 4799 recuperarit,
1450 4752 1522 4801 quam
1532 4742 1609 4801 cyrus
1621 4728 1666 4789 lroc'
1676 4739 1753 4803 ipsum
1762 4742 1803 4792 liei

1041 4852 1052 4875 s
1066 4832 1090 4881 in
1098 4832 1195 4895 graiium
1204 4829 1351 4881 oonmderet.
1382 4831 1419 4881 Ab
1429 4844 1457 4881 eo
1472 4832 1555 4897 utique
1570 4832 1663 4883 deducti
1673 4838 1752 4891 eant,
1763 4834 1805 4882 ite·

1041 4948 1053 4973 ι
1065 4942 1165 4990 rumque
1175 4928 1307 4979 assuimur
1319 4940 1363 4977 suo
1372 4927 1427 4977 iacti
1439 4930 1506 4977 eraut
1515 4927 1606 4977 reditui.
1634 4929 1740 4990 limique
1749 4928 1803 4976 nibil

1040 5043 1052 5067 ι
1065 5024 1190 5073 memorari
1201 5028 1292 5087 potest,
1303 5024 1367 5086 quod
1379 5024 1452 5074 aroris
1466 5029 1543 5086 patres
1554 5023 1628 5072 nostri
1642 5032 1805 5085 prospereqea·

1040 5120 1151 5178 «serim,
1163 5124 1204 5167 aui
1214 5119 1265 5167 siue
1275 5119 1348 5168 annia
1363 5132 1410 5168 non
1428 5118 1603 5180 impetraverint
1625 5120 1676 5165 lieo
1693 5114 1804 5177 pes-missa

1040 5234 1051 5257 ι
1065 5217 1188 5278 potestate.
1203 5214 1271 5263 Domi
1280 5214 1367 5276 quippe
1377 5218 1507 5275 manentes,
1517 5212 1614 5261 victoria
1623 5208 1653 5259 ab
1661 5210 1707 5258 iliis
1716 5208 1804 5267 stabat,
