3825 6059
226 490 282 539 ser
324 481 470 560 [respon]

224 606 269 688 ἄρ’
281 600 313 679 ἧς
357 606 489 685 μωμένους
510 607 602 673 αὐτοῖς
621 614 708 665 πᾶσαν
721 606 768 677 τὴν
780 606 911 684 Αἴγυπτον
923 606 1001 666 καθί-

224 693 283 762 ξειν.
299 720 311 748 ι
356 719 388 753 τα
404 694 486 760 «τοὺς
495 694 542 769 μὲν
556 694 669 751 ἐπελθεῖν
676 693 758 751 εἰκοσι
767 701 879 774 στρατοῦ
892 696 999 775 μυριάσι

222 781 307 861 λέγει,
325 779 369 840 τὸν
383 780 411 839 δὲ
426 781 535 859 βασιλέα
549 785 600 838 τῶν
620 779 768 857 Αἰγυπτίων
782 781 931 862 Ἀμένωριν,
945 784 999 840 -ούκ

200 936 204 944 Ι
223 867 337 940 οἰόμενον
355 869 406 925 δεῖν
426 874 572 945 θεομαχεῖν,
590 868 626 933 εἰς
636 867 683 937 τὴν
697 868 833 926 Αἰθιοπίαν
845 868 917 935 εὐθὺς
930 874 995 927 αἰπο-

196 969 210 1007 s
224 955 329 1034 δρᾶται,
343 953 387 1011 τὸν
403 953 429 1010 δὲ
442 944 519 1012 ’ίΑπιν
533 952 579 1009 καί
591 977 649 1011 τινα
662 958 713 1012 τῶν
728 954 813 1012 ἄλλων
828 959 903 1033 ἱερῶν
923 955 995 1035 ζῴων

215 1040 434 1120 ,παρατεθεικέναι
462 1043 514 1105 τοῖς
535 1042 645 1118 ἱερεῦσι,
671 1042 886 1122 διαφυλάττεσθαι
908 1040 996 1100 κελεύ-

222 1152 335 1188 σαντα.»
348 1119 413 1188 Eira
431 1155 442 1178 ι
457 1127 514 1193 τοὺς
528 1126 736 1205 Ἱεροσολυμίτας
747 1129 952 1196 ἐπελθόνταςτάς
967 1154 995 1187 τε

222 1216 310 1282 πολεῖς
324 1215 457 1272 ἀνιστάναι
476 1213 521 1271 καί
534 1213 568 1271 τὰ
582 1214 640 1295 ἰερίι
652 1216 802 1274 κατακαίειν
820 1217 865 1274 καί
879 1216 936 1283 τοὺς
947 1219 994 1274 ίπ·

220 1302 284 1367 πίας
294 1300 476 1381 ἀποσφάττειν,
491 1302 555 1366 ὅλως
566 1326 594 1359 τε
609 1304 737 1378 μηδεμιᾶς
750 1304 895 1381 ἀπέχεσθαι
912 1327 996 1381 παρα·

184 1409 207 1446 ιο
221 1389 311 1464 νομίας
327 1387 393 1466 μηδὲ
408 1388 551 1463 ὠμότητος.
595 1387 629 1447 Ὁ
640 1387 668 1445 δὲ
681 1388 728 1459 τὴν
740 1389 871 1448 πολιτείαν
882 1389 927 1447 καῖ
937 1389 996 1455 τοὺς

218 1476 311 1551 νόμους
320 1475 407 1541 αὐτοῖς
417 1474 628 1549 καταύαλύμενος
637 1474 733 1556 ἱερούς,
745 1478 819 1555 φησίν
827 1522 835 1552 ,
842 1468 873 1547 ἦν
883 1475 913 1533 τὸ
923 1476 996 1553 γένος

219 1562 432 1633 ἹΙλιουπολίτης,
442 1560 523 1637 ὄνομα
535 1563 556 1618 δ’
572 1561 717 1643 Ὀσαρσῖρ,
727 1563 779 1620 ἀπὸ
790 1569 833 1620 τοῦ
848 1565 875 1619 ἐν
890 1563 993 1623 Ἡλιου·

219 1651 293 1709 πόλει
311 1656 369 1708 θεοῦ
388 1648 520 1729 Ὀσίρεως
540 1648 709 1725 μεταθέμενος
726 1650 752 1707 δὲ
776 1653 893 1721 liuteis
917 1651 993 1709 αὑτὸν

218 1736 434 1819 προσηγόρευσεν.
476 1735 690 1814 Τρισκαιδεκοίτῳ
711 1734 750 1807 δὲ,
790 1737 858 1807 ησὶν,
879 1735 931 1795 ἔτει
949 1737 993 1795 τὸν

183 1842 206 1880 ιο
221 1826 361 1904 Ἀμένωριν
373 1824 506 1903 (τοσοῦτον
516 1820 566 1901 γάρ
577 1824 647 1903 αὐτῷ
661 1822 752 1903 χρόνον
763 1759 828 1881 εἰναι
840 1829 884 1895 τῆς
894 1826 993 1882 ἐκπτώ-

220 1935 283 1977 σεως
292 1905 474 1988 πεπρωμένον)
484 1906 508 1975 ἐξ
519 1908 655 1975 Αἰθιοπίας
665 1909 807 1967 ἐπελθόντα
818 1909 885 1985 μετά
895 1913 994 1981 πολλῆς

220 2004 349 2077 στρατιᾶς,
361 1992 581 2074 καίσομύαλόντα
593 1998 645 2060 τοῖς
653 1994 759 2071 ποιμίσι
767 1996 812 2053 καῖ
820 1997 872 2063 τοῖς
882 2005 993 2075 μιαροῖς,

218 2082 323 2154 νικῆσαί
336 2106 364 2140 τε
378 2086 410 2160 τῇ
425 2082 515 2159 μάχῃ,
530 2080 574 2138 καῖ
588 2082 685 2139 κτεῖναι
699 2082 807 2149 πολλοὺς
823 2082 993 2152 ἐπιδιώξαντα

219 2168 296 2248 μέχρι
309 2172 360 2226 τῶν
372 2172 419 2238 τῆς
433 2166 528 2245 Συρίας
542 2165 617 2249 ὅρων.
628 2196 640 2219 ν

179 2278 206 2315 au
258 2258 307 2315 κθ’.
330 2256 376 2316 Ἐν
391 2256 488 2318 τούτοις
502 2255 579 2311 πάλιν
604 2257 633 2312 οὗ
648 2255 763 2326 συνίησιν
779 2258 909 2326 ἀπιθάνως
927 2263 992 2337 ψευ-

218 2344 330 2420 δόμενος.
372 2343 407 2402 Ol
419 2339 469 2420 γάρ
482 2341 573 2419 λεπροί
583 2340 628 2398 καῖ
639 2341 667 2399 τὸ
681 2346 737 2417 μετ’
749 2346 833 2401 αὐτῶν
846 2347 956 2417 πλῆθος,
970 2348 991 2404 εἰ

218 2428 399 2510 καὶπρότερον
417 2426 554 2506 ὠργίζοντο
573 2430 611 2507 τῷ
633 2429 736 2503 βασιλεῖ
753 2429 865 2496 καὶτοῖς
883 2430 917 2488 cd
932 2432 992 2511 περί

181 2582 184 2589 Ι
218 2515 308 2582 αὐτούς
321 2513 474 2585 πεποιηκόσι
488 2513 557 2571 κατά
574 2535 603 2569 τε
623 2513 669 2584 τὴν
686 2520 731 2572 τοῦ
746 2515 862 2591 μάντεως
875 2518 989 2597 προαγό-

218 2625 311 2681 ρευσιν,
326 2604 383 2659 ἀλλ’
392 2600 435 2658 ὅτε
445 2604 497 2657 τῶν
503 2602 655 2675 λιθοτομιῶν
665 2600 778 2672 ἐξῆλθον,
787 2603 831 2661 καῖ
840 2604 916 2661 πόλιν
928 2609 991 2683 παρ’

177 2705 203 2742 ²⁵
218 2694 295 2749 abaci
306 2689 351 2747 καί
364 2687 453 2767 χώραν
463 2686 569 2761 ἶλαόον,
579 2687 682 2753 πόντιος
694 2687 725 2745 ἂν
736 2689 897 2766 ἐγεγόνεισαν
909 2692 990 2771 προγό·

216 2798 284 2855 τεροι
297 2774 361 2855 πρὸς
374 2774 461 2833 αὐτόν.
503 2776 537 2833 Εἰ
548 2773 575 2830 δέ
587 2774 618 2843 δὴ
630 2776 748 2833 κάκεῖνον
757 2777 870 2850 ε’μῖσουν,
881 2778 933 2859 ἰδία
943 2780 990 2853 μὲν

217 2869 250 2925 ἂν
265 2864 337 2945 αὐτῷ
350 2860 527 2931 ἐπεύούλευον,
539 2863 586 2918 ούκ
599 2858 630 2921 θν
644 2860 672 2919 δὲ
684 2863 747 2943 πρὸς
762 2863 879 2931 ἅπαντας
893 2866 990 2945 ἤραντο

216 2952 341 3028 πόλεμον,
359 2950 475 3022 δηλονότι
493 2951 615 3015 πλείστας
635 2948 736 3028 ἔχοντες
761 2951 924 3029 συγγενείας,
947 2975 990 3009 το-

217 3039 304 3099 σοῦτοί
314 3062 343 3115 γε
352 3038 381 3096 τὸ
394 3041 491 3109 πλῆθος
501 3036 578 3101 ὄντες.
619 3036 714 3112 Ὅμως
726 3039 753 3096 δί
769 3039 813 3095 καῖ
827 3047 880 3105 τοῖς
892 3041 990 3118 ἀνθρώ-

177 3150 204 3189 ao
216 3151 274 3195 ποις
283 3129 406 3202 πολεμεῖν
420 3124 581 3203 διεγνωκότες
593 3127 640 3183 ούκ
655 3124 686 3183 θν
707 3128 742 3192 εἰς
753 3125 811 3192 τοὺς
824 3129 908 3185 αὐτῶν
919 3126 991 3195 θεούς

216 3220 338 3292 πολεμεῖν
356 3213 511 3289 ἐτόλμησαν,
535 3214 587 3270 οὐδ’
601 3216 836 3281 ύπεναντιωτάτους
852 3214 936 3273 ἔθεντο
950 3215 991 3274 νό-

206 3320 279 3380 ’μους
292 3312 343 3368 τοῖς
357 3301 474 3381 πατρίοις
488 3302 573 3359 αὐτῶν
587 3302 631 3359 καί
646 3292 682 3368 οἷς
701 3303 888 3382 ἐνετράρησαν.
910 3307 958 3363 Δεῖ
968 3304 990 3362 δΙ

215 3398 286 3468 ἡμᾶς
297 3394 334 3470 τῷ
345 3392 480 3449 Μανεθῶνι
494 3388 571 3468 χάριν
586 3388 664 3467 ἔχειν,
679 3387 718 3447 ότι
736 3388 832 3460 ταύτης
844 3396 890 3459 τῖς
903 3414 991 3471 παρα-

214 3478 305 3556 νομίας
323 3476 381 3555 οὐχὶ
402 3474 460 3541 τούς
479 3476 505 3542 ἐξ
517 3474 703 3553 Ἱεροσολύμων
723 3474 840 3543 ἐλθόντας
860 3479 991 3556 ἀρχηγοὺς

176 3585 201 3618 οε
214 3566 331 3643 γενέσθαι
340 3564 428 3643 ρησίν,
440 3563 498 3620 ἀλλ’
510 3561 601 3626 αὐτούς
615 3561 725 3628 ἐκείνους
733 3562 807 3629 όντας
821 3566 988 3639 Αἰγυπτίους,

215 3653 259 3710 καί
279 3650 376 3709 τούτων
397 3649 511 3725 μάλιστα
531 3647 589 3715 τούς
610 3649 694 3728 ίερέας
713 3646 847 3721 ἐπινοῆσαί
865 3674 894 3708 τε
906 3674 989 3710 ταυτα

215 3740 259 3796 καὶ
274 3742 457 3816 θρκωμοτῆσαι
470 3736 499 3793 τὸ
513 3739 619 3806 πλῆθος.
661 3736 763 3819 Ἐκεῖνο
776 3738 863 3813 μέντοι
875 3741 930 3804 πῶς
943 3742 990 3797 οὐκ

216 3826 322 3898 άλογον;
343 3826 395 3881 τῶν
410 3822 457 3897 μὲν
471 3821 571 3880 οἰκείων
586 3825 730 3888 αὐτοῖςκαὶ
747 3829 797 3882 τῶν
811 3824 892 3903 φίλοιν
906 3849 986 3884 συνα-

216 3916 346 3980 ποστῆσαι
360 3908 466 3981 οὐδένα,
476 3908 542 3984 μηδὲ
555 3914 600 3966 τοῦ
610 3908 727 3985 πολέμου
740 3910 783 3968 τόν
798 3914 913 3969 κίνδυνον
928 3936 989 3969 συν-

167 3991 202 4051 ¹tu
216 3999 342 4077 άρασθαι,
363 3995 466 4076 πέμψαι
487 3993 514 4052 δὲ
535 3994 593 4061 τούς
615 3996 722 4076 μιαρούς
742 3999 777 4061 εἰς
802 3997 988 4077 Ἱεροσολυμα,

215 4085 261 4143 καί
274 4082 321 4154 τὴν
337 4087 401 4161 παρ’
412 4082 515 4141 ἐκείνων
532 4082 674 4157 ἐπάγεσθαι
689 4083 853 4161 συμμαχίαν.
906 4085 990 4153 Ποίας

215 4174 301 4238 αὐτοῖς
311 4170 409 4251 ριλίας,
427 4168 444 4240 ἢ
457 4168 523 4235 τίνος
537 4171 623 4235 αὐτοῖς
635 4169 790 4240 οἰκειότητος
802 4171 987 4251 προϋπηργμέ-

213 4279 275 4336 unq
289 4255 435 4316 τούναντίον
446 4253 496 4333 γίιρ
507 4246 574 4325 ἦσαν
586 4254 706 4327 πολέμιοι
720 4256 766 4315 καί
775 4264 827 4323 τοῖς
836 4257 904 4314 ἔθεσι
915 4259 988 4316 πλεῖ·

214 4369 274 4405 στον
296 4345 419 4426 διίρερον.
474 4342 509 4403 Ὁ
531 4343 558 4400 δέ
579 4365 656 4423 φησιν
679 4342 751 4411 εὐθύς
771 4347 917 4402 ύπακοῧσαι
936 4348 988 4413 τοῖς

175 4453 200 4492 ει
213 4432 439 4513 ὑπισχνουμένοις,
461 4428 499 4489 ότι
513 4430 559 4500 τὴν
575 4429 706 4508 Αἴγυπτον
720 4430 879 4507 καθίζουσιν,
899 4430 988 4512 ὥσπερ

213 4524 298 4579 αὐτῶν
309 4523 339 4579 ού
353 4520 450 4602 σρόδρα
462 4523 508 4590 τῆς
516 4517 605 4597 χώρας
615 4518 743 4597 ἐμπείρως
753 4518 875 4597 ε’χόντων,
887 4512 917 4591 ἧς
928 4524 988 4598 βια·

213 4605 314 4673 σθίντες
326 4604 530 4664 ἐκπεπτώκασιν.
582 4605 614 4663 Εἰ
629 4602 676 4679 μὲν
692 4594 735 4663 ούν
749 4605 852 4682 ἀπόρως
865 4602 882 4674 ἢ
901 4629 988 4673 κακως

214 4692 351 4768 ἔπραττον,
364 4694 426 4759 ἴσοις
439 4691 470 4751 ἂν
485 4692 529 4750 καὶ
543 4689 754 4769 παρεόαλλοντο·
769 4692 843 4749 πόλιν
857 4691 884 4749 δὲ
898 4715 986 4750 κατοι·

214 4783 316 4843 κοῦντις
329 4780 469 4855 εὐδαίμονα
482 4779 527 4837 καί
540 4777 629 4857 χώραν
644 4778 743 4848 πολλὴν
757 4778 866 4856 κρείττω
880 4783 925 4849 τῆς
942 4782 985 4838 Αἰ·

98 4902 105 4918 .
173 4882 202 4920 su
214 4864 508 4945 γύπτουκαρπούμενοι,
519 4866 561 4923 διά
571 4866 598 4923 τί
607 4866 664 4922 ποτ’
675 4864 707 4921 ἂν
719 4868 818 4944 ἐχθροῖς
827 4865 874 4942 μὲν
888 4867 986 4946 παλαι,

213 4953 246 5011 τίι
258 4952 285 5011 δὲ
297 4950 407 5027 σώματα
420 4951 620 5028 λσλωθημίνοις,
635 4950 679 5016 od<
690 4951 756 5029 μηδὲ
767 4956 819 5009 τῶν
830 4952 931 5010 οἰκείων
942 4954 986 5010 ού-

213 5041 263 5108 διίς
274 5037 413 5117 ύπορένει,
433 5036 530 5104 τούτοις
541 5037 648 5115 ἔμελλον
662 5037 907 5119 παρακινδυνεύσειν
923 5043 985 5119 βοη-

212 5135 325 5201 θοῦντεςς
340 5128 369 5185 ού
381 5123 432 5205 γάρ
445 5123 477 5196 δή
489 5124 573 5203 γετὸν
586 5126 758 5202 γενησόμενον
766 5125 913 5206 προῄδεσαν
923 5128 986 5205 δρα-

212 5216 277 5293 σμὸν
292 5220 337 5273 τοῦ
353 5212 489 5293 βασιλέως.
535 5214 690 5272 'roborarier
709 5215 759 5292 γὰρ
781 5214 857 5280 αὐτὸς
885 5212 985 5292 εἴρηκεν

839 482 940 539 ΚΑΤΑ
964 482 1137 540 ΑΠΙΩΝΟΣ
1161 484 1257 543 Blllll.
1281 487 1313 541 Α.

1690 491 1823 567 lustu-l

1043 616 1131 665 triam:
1153 617 1215 665 unrle
1234 618 1296 666 laeto
1312 618 1400 679 impetu
1418 631 1487 679 posse
1497 619 1555 676 ‚illos
1573 624 1700 684 AEgyptum
1717 637 1816 673 omnem

1043 701 1066 751 iu
1077 715 1145 751 suam
1160 708 1304 767 potestatem
1319 700 1431 766 redigere.
1453 723 1464 746 ν
1497 708 1554 755 Mox
1572 707 1711 771 subjungit,
1729 729 1742 753 ι
1759 710 1819 761 ullos

1041 788 1137 851 quidem
1155 804 1184 839 eo
1207 792 1301 841 verrisse
1315 803 1371 839 cum
1390 791 1499 840 ducentis
1517 797 1661 843 armatorum
1694 796 1820 858 millibus,

1041 889 1119 936 regem
1130 890 1187 926 vero
1196 878 1359 940 AEgyptlorum
1377 878 1542 941 Ameuoplrlo,
1553 885 1581 929 ut
1596 880 1638 941 qui
1648 886 1742 943 putaret
1755 897 1817 933 cum

1040 963 1088 1013 diis
1103 978 1151 1013 non
1171 965 1411 1027 compugnandum,
1427 966 1507 1015 statim
1517 967 1541 1015 io
1559 968 1703 1031 AEtlriopiam
1721 984 1747 1020 se
1761 971 1821 1031 iuga

1041 1052 1171 1112 recepisse,
1183 1054 1209 1101 et
1222 1052 1284 1113 Apin
1299 1065 1354 1100 cum
1364 1054 1449 1101 ceteris
1462 1054 1537 1103 sacris
1548 1054 1690 1104 animalibus
1703 1056 1766 1119 apud
1777 1070 1821 1105 sa-

1039 1138 1146 1186 cerdotes
1160 1137 1314 1199 deposuisse,
1329 1151 1357 1187 ea
1371 1152 1466 1189 servare
1483 1140 1571 1201 jussos.
1591 1160 1604 1185 ι
1636 1143 1711 1202 Βαῖο,
1725 1162 1738 1186 α
1756 1144 1816 1193 tlte-

1040 1224 1204 1285 rosolpmitas,
1220 1230 1345 1287 postquam
1365 1227 1496 1289 venisseut,
1515 1227 1586 1277 urbes
1601 1229 1820 1279 evertisseettem·

1039 1312 1077 1373 pla
1088 1326 1247 1361 concremasse
1267 1316 1292 1362 el
1307 1314 1400 1376 equites
1420 1314 1560 1375 peremisse,
1578 1315 1663 1375 reiert,
1674 1320 1700 1365 et
1714 1318 1816 1366 omuino
1844 1312 1850 1323 '

1038 1400 1102 1448 nulla
1122 1399 1244 1461 iniquitate
1268 1404 1311 1449 aut
1328 1400 1467 1451 crudelitate
1484 1402 1636 1451 abstinuisse.
1684 1404 1732 1461 Qui
1751 1417 1812 1453 reru

1039 1486 1174 1547 reipublicae
1183 1487 1281 1536 formam
1294 1492 1318 1537 et
1329 1489 1391 1549 leges
1399 1489 1434 1539 eis
1445 1490 1541 1551 posuit,
1550 1494 1617 1551 erat,
1627 1490 1715 1551 iuquit,
1728 1503 1817 1552 seuere

1038 1572 1203 1635 lleliopoliles,
1232 1575 1328 1623 nomine
1355 1576 1482 1641 oseisiplr,
1500 1576 1530 1625 ab
1553 1577 1614 1626 Osiri
1638 1577 1815 1640 Heliopolitauo

1038 1658 1082 1707 deo
1094 1659 1259 1710 denominatus
1268 1678 1275 1721 ;
1285 1662 1325 1723 qui
1335 1675 1410 1725 quum
1426 1676 1512 1712 nomeu
1522 1663 1567 1713 sibi
1577 1667 1706 1723 mutasset,
1717 1668 1816 1726 ltoyaeu
1911 1694 1912 1705 ι

1037 1760 1063 1795 so
1083 1748 1215 1809 appellauit.
1248 1750 1395 1811 amenophiu
1410 1762 1467 1799 vero
1485 1750 1542 1800 dieii
1558 1764 1620 1800 anuo
1637 1750 1708 1801 tertio
1721 1752 1817 1803 decurro

1039 1838 1046 1896 (
1057 1836 1149 1883 tantum
1159 1838 1222 1885 enirn
1235 1838 1347 1898 temporis
1355 1851 1403 1899 qrro
1412 1852 1483 1899 regno
1494 1838 1619 1901 pelleretur
1634 1840 1655 1888 cl
1666 1840 1721 1889 latis
1730 1840 1815 1891 docre-
1911 1820 1912 1879 ί

1038 1927 1088 1969 turn
1102 1922 1216 1983 luisseies
1228 1923 1348 1985 AEtlriopia
1358 1924 1553 1985 profectuosum
1564 1926 1653 1987 maguis
1662 1928 1747 1989 copiis,
1758 1941 1816 1976 oon·
1911 1916 1912 1935 ¹

1036 2021 1190 2071 gressumque
1199 2024 1254 2059 cunr
1265 2011 1402 2060 Pectoribus
1413 2017 1438 2061 et
1448 2012 1557 2075 pollutis,
1567 2014 1592 2062 el
1600 2014 1681 2075 praelio
1692 2028 1735 2063 eos
1743 2028 1815 2077 supc-

1037 2108 1102 2145 rasse
1117 2101 1141 2145 et
1158 2097 1245 2146 multos
1260 2097 1421 2160 interfecisse,
1436 2098 1467 2147 ed
1482 2099 1542 2149 lines
1557 2113 1633 2163 usque
1644 2102 1720 2163 syriae
1732 2114 1816 2165 perse-

1036 2184 1147 2243 quulum.
1160 2202 1172 2226 ι

1069 2284 1106 2327 29.
1124 2282 1150 2329 lu
1167 2278 1205 2328 nis
1222 2280 1307 2329 iterum
1324 2294 1370 2329 nou
1383 2281 1499 2330 intellexit
1510 2283 1561 2333 sine
1571 2284 1776 2335 verisimilitudine
1787 2299 1813 2335 se
1911 2294 1912 2297 ’

1038 2376 1139 2423 mentiri.
1173 2376 1268 2439 leprosi
1279 2390 1380 2439 namque
1390 2380 1414 2427 cl
1427 2378 1553 2428 multitudo
1565 2393 1682 2443 qrrmcum
1691 2380 1739 2430 illis
1749 2386 1815 2439 erat,

1036 2470 1091 2521 lieet
1102 2472 1167 2534 prius
1179 2472 1333 2521 irascerentur
1350 2474 1434 2534 regist
1452 2472 1482 2521 iis
1502 2474 1543 2536 qui
1562 2488 1603 2525 eos
1621 2476 1682 2525 male
1694 2476 1753 2525 adeo
1768 2477 1816 2525 tra·

1036 2573 1142 2627 cierunt,
1150 2567 1292 2628 etiamJ'uxta
1299 2567 1477 2629 praedictionem
1489 2568 1565 2617 vatis:
1578 2570 1656 2619 tamen
1665 2582 1741 2631 quum
1752 2570 1815 2619 lato·

1036 2660 1091 2707 mris
1104 2660 1231 2722 exiissent,
1241 2663 1266 2711 el
1278 2662 1360 2711 urbem
1372 2663 1401 2711 ab
1409 2663 1491 2726 ipsoet
1503 2664 1646 2725 prouinciam
1653 2665 1815 2729 accepissent,

1035 2768 1118 2804 omnes
1137 2756 1161 2804 iu
1173 2768 1228 2805 eum
1241 2758 1322 2820 procul
1336 2756 1409 2807 dubio
1429 2759 1535 2808 mitiores
1550 2760 1689 2808 evasissent
1722 2762 1814 2817 Quodsi

1035 2852 1105 2900 elisur
1118 2853 1196 2916 ipsum
1212 2853 1267 2903 odio
1285 2848 1436 2915 imbuissent,
1450 2866 1557 2903 seorsum
1567 2854 1590 2903 ci
1602 2852 1707 2903 insidiati
1718 2858 1813 2913 emeat,

1035 2960 1112 3011 ueqne
1126 2949 1238 2999 omuibus
1253 2950 1387 2999 intulissent
1405 2950 1506 3011 bellum,
1520 2963 1594 3013 quum
1612 2950 1703 2999 seilicet
1715 2951 1815 3001 totidem

1035 3057 1134 3093 numero
1148 3045 1262 3107 plurimes
1274 3046 1322 3094 illie
1332 3046 1482 3107 cognationes
1493 3046 1579 3095 lratmrc
1588 3046 1710 3095 deberent.
1722 3049 1814 3096 Verum

1034 3142 1106 3190 etiarn
1118 3142 1138 3190 si
1156 3145 1239 3191 eontra
1250 3141 1358 3191 homiues
1372 3156 1474 3204 pugnare
1485 3142 1646 3203 decreverint,
1659 3156 1706 3191 nou
1723 3148 1774 3192 erat
1788 3150 1814 3193 ut

1034 3238 1238 3287 aurierentcontra
1251 3236 1308 3286 deos
1317 3237 1422 3298 ipsorum
1435 3249 1551 3299 pugnare,
1567 3240 1592 3287 et
1600 3236 1663 3298 leges
1678 3237 1761 3299 patriis
1772 3250 1814 3287 eo·

1034 3346 1087 3382 rurn
1108 3338 1133 3382 cl
1154 3334 1242 3395 quibus
1266 3332 1345 3381 educti
1370 3336 1439 3381 erant
1458 3334 1586 3382 contrarias
1609 3332 1679 3381 ierre.
1712 3336 1814 3395 Oportet

1034 3442 1092 3479 uero
1105 3443 1148 3478 nos
1164 3430 1298 3478 llauctlronl
1315 3428 1402 3489 gratias
1417 3440 1499 3490 agere,
1511 3420 1576 3506 quod
1593 3430 1664 3489 buius
1680 3428 1812 3492 iniquitatis
1911 3468 1912 3499 γ

1035 3526 1152 3588 principes
1166 3524 1285 3575 exstitisse
1295 3524 1371 3585 dicat,
1385 3538 1432 3573 nou
1442 3538 1485 3575 eos
1495 3526 1537 3588 qui
1547 3524 1717 3587 Hierosolymis
1723 3526 1811 3587 egressi

1008 3716 1013 3757 t
1033 3712 1167 3762 sacerdotes
1184 3713 1230 3761 ism
1247 3712 1391 3772 excogitasse
1408 3715 1433 3763 el
1450 3712 1627 3762 multitudinem
1642 3712 1672 3760 ad
1682 3712 1802 3774 jrrrarrdun

1033 3808 1149 3871 adegisse.
1193 3808 1255 3858 illud
1273 3812 1353 3858 autem
1371 3809 1490 3871 quomodo
1507 3810 1591 3859 rationi
1608 3822 1656 3859 nou
1676 3810 1810 3859 absonuml
1911 3776 1912 3831 ἰ

1033 3902 1182 3951 tauriliarium
1194 3900 1291 3965 quidem
1308 3907 1332 3951 et
1342 3902 1471 3951 amicorum
1481 3916 1551 3952 nemo
1561 3916 1575 3951 a
1585 3902 1703 3965 republica
1713 3902 1812 3961 deiecit,

1033 4007 1110 4057 nequa
1127 3993 1284 4055 periculorum
1302 3993 1357 4042 belli
1375 3994 1491 4055 particeps
1507 3995 1647 4053 factumest,
1665 3993 1708 4043 sed
1725 3995 1811 4043 misere

1033 4086 1667 4153 pollutosliierosolyma,utindcauxiliaadducerent.
1701 4090 1809 4143 Quianam
1911 4092 1912 4125 ἓ

1032 4187 1136 4236 amicilia
1150 4192 1192 4236 aut
1206 4186 1364 4235 lumilisrltate
1381 4186 1438 4249 ipsis
1456 4184 1630 4235 intercedente?
1645 4196 1701 4233 narn
1715 4190 1809 4234 econtra

1032 4282 1111 4332 lrostes
1129 4284 1197 4332 erant
1211 4287 1237 4332 et
1250 4282 1356 4331 moribus
1369 4280 1496 4344 plurimum
1509 4280 1657 4330 dilierebant.
1690 4281 1728 4331 llli
1740 4294 1807 4339 rem,

1033 4356 1139 4438 utdicil,
1151 4378 1203 4428 siue
1213 4392 1279 4427 mora
1290 4378 1325 4454 eis
1334 4377 1460 4439 obsequuti
1470 4378 1539 4437 sunt,
1551 4376 1759 4439 pollicitationibus
1771 4377 1806 4424 in·

1032 4477 1109 4537 ducti,
1128 4475 1192 4539 quod
1204 4478 1332 4539 egyptum
1350 4476 1489 4538 occupaturi
1500 4480 1580 4525 essent
1595 4489 1601 4523 z
1619 4476 1686 4538 quasi
1701 4476 1746 4539 ipsi
1762 4489 1807 4524 non

956 4608 972 4622 ε
1031 4571 1160 4620 admodum
1171 4571 1269 4620 luissent
1279 4572 1331 4633 ejus
1340 4570 1443 4631 regionis
1452 4570 1530 4631 gnari,
1542 4584 1570 4619 ex
1583 4583 1630 4632 qus
1638 4582 1679 4631 per
1688 4570 1736 4617 sim
1746 4570 1806 4631 pulsi

1031 4665 1133 4714 tuerent.
1145 4664 1190 4722 Qui
1203 4664 1222 4712 si
1238 4667 1291 4713 tum
1309 4664 1419 4713 miseram
1434 4667 1476 4712 aut
1489 4674 1586 4724 menam
1607 4662 1679 4710 ritem
1690 4662 1805 4724 egissem,

1031 4758 1110 4807 forsan
1122 4756 1254 4819 perieulum
1266 4754 1388 4805 adiissent.
1404 4752 1476 4816 Atqui
1486 4766 1562 4815 quum
1575 4752 1657 4803 urbem
1674 4754 1806 4803 babitarent

1031 4851 1138 4910 bmiam,
1149 4853 1174 4899 et
1185 4849 1278 4910 regione
1290 4848 1348 4897 satis
1357 4848 1435 4910 ample
1447 4849 1551 4909 AEgppto
1560 4846 1651 4895 meliori
1662 4847 1804 4905 iruereutur,

1031 4946 1088 5010 quid
1099 4944 1193 4996 moden
1205 4948 1257 4994 erat
1267 4958 1311 4993 cur
1321 4943 1352 4993 ob
1364 4945 1455 4992 veteres
1466 4942 1559 5001 bostcs,
1571 4954 1659 5003 aosrpue
1668 4942 1806 5003 mrporilrua

1031 5041 1167 5101 morbidos,
1178 5054 1239 5105 quos
1250 5053 1320 5090 nemo
1336 5039 1399 5089 rele
1414 5039 1465 5087 suis
1481 5036 1580 5086 liberter
1594 5036 1708 5095 sustinet,
1721 5034 1768 5083 illia
1780 5038 1805 5083 ut

1030 5148 1099 5196 opem
1113 5136 1188 5184 lerant
1198 5132 1325 5182 discrimen
1345 5130 1430 5182 adituri
1444 5132 1540 5179 essent?
1560 5128 1719 5190 nequeenim
1742 5131 1804 5176 certe

1029 5228 1132 5277 lrrlumnr
1150 5227 1210 5287 rugis
1220 5225 1298 5286 bigam
1310 5222 1472 5286 presciebent.
1502 5226 1553 5272 lruo
1569 5228 1649 5271 contre
1664 5222 1713 5283 ipsc
1730 5222 1802 5280 disit,

938 3657 954 3670 ε
1034 3620 1158 3680 snut,sed
1174 3620 1227 3669 illos
1243 3621 1307 3683 ipsos
1319 3624 1401 3683 utpote
1413 3621 1585 3683 AEgyptlomt
1595 3633 1626 3669 en
1644 3620 1691 3669 illis
1708 3622 1812 3669 maxime
1911 3658 1912 3703 γ
