3825 6059
244 512 300 562 trs
341 500 489 577 (ειτηιωι.)

794 497 897 557 ΚΑΤΑ
917 498 1088 561 ΑΠΙΩΝΟΣ
1109 504 1203 562 ΒΙΒΛ.
1226 504 1259 561 Β.

1705 508 1844 587 [mssa]

242 630 395 701 δτττᾶτττς,
415 626 469 685 οὗθ’
481 630 517 693 ὣς
531 625 591 706 oisy}
610 624 725 701 μάλιστα
743 626 849 684 πάντων
869 625 1014 703 ίμμὲνομεν
1059 651 1110 700 ges,
1119 652 1220 701 quarum
1229 652 1272 701 ego
1281 652 1326 687 sun
1336 654 1386 688 raras
1398 642 1420 689 in
1431 642 1674 705 mediumpmleram;
1685 658 1763 708 nepus
1771 647 1843 709 qnod

241 719 295 782 τοῖς
309 720 408 775 ἑαυτῶν
422 713 519 791 νόμοις.

174 799 176 803 ’
282 803 320 861 ιε’.
342 802 442 881 Μικρὸν
464 792 508 859 οὐν
531 799 668 859 άναλαόῶν
686 800 729 857 τὸν
746 800 822 879 λόγον
838 804 909 859 τοῦτ’
931 800 962 859 δν
980 800 1016 859 εί-

1059 728 1214 775 nonmarime
1223 727 1329 775 omniurn
1339 726 1462 790 iulogibus
1475 730 1575 792 propriis
1583 744 1771 792 perseveremus.

1092 819 1129 862 td.
1145 814 1219 863 Paulo
1230 826 1285 875 ergo
1295 813 1368 864 altius
1378 828 1477 865 exorsus
1495 818 1550 865 volo
1561 816 1665 880 primum
1679 819 1758 869 dicere
1772 820 1843 883 qnod

241 914 318 967 ποιμι
337 892 449 969 πρῶτον,
464 886 504 945 ότι
523 891 573 945 τῶν
589 884 690 965 ἀνόμως
701 886 746 944 καλ
761 887 879 953 ἀτάκτως
893 886 1016 966 βιούντων
1059 902 1076 951 ii
1086 902 1127 966 qui
1138 902 1228 952 ordinis
1239 909 1263 952 et
1273 906 1437 955 communium
1452 906 1529 968 legum
1545 908 1614 969 primi
1630 914 1749 960 amatores
1763 912 1843 960 exsti-

215 981 266 1037 οοί
290 976 385 1045 τάξεως
401 975 446 1034 καί
462 973 541 1052 νόμου
556 973 687 1039 κοινωνίας
704 973 861 1051 ἐπιθυμηταί
883 973 1016 1051 γενόμενοι

242 1065 286 1124 καὶ
307 1068 407 1144 πρῶτοι
431 1061 603 1142 κατάρξαντες
625 1061 730 1127 εἰκότως
756 1060 787 1119 ἂν
807 1060 950 1141 ἡμερότητι
973 1061 1016 1119 καί

242 1151 342 1232 φύσεως
356 1154 434 1231 ἀρετῇ
451 1149 587 1227 διενεγκεῖν
602 1152 796 1228 μαρτυρηθεῖεν.
832 1147 945 1224 ,Ἀμέλει
959 1171 1016 1205 πει-

243 1241 338 1318 ρῶνται
358 1237 392 1295 τὰ
407 1240 469 1317 παρ’
484 1240 583 1303 ἑαυτοῖς
603 1235 708 1294 ἕκαστοι
721 1235 783 1315 πρὸς
797 1236 827 1294 τὸ
845 1236 1016 1313 ἀρχαιότατον

242 1326 354 1401 ἀνάγειν,
370 1321 413 1381 ίνα
427 1324 465 1399 μή
480 1328 617 1401 μιμεῖσθαι
629 1321 734 1390 δόξωσιν
749 1320 861 1402 ἑτέρους,
873 1324 922 1380 αλλ
942 1346 1017 1380 orator

204 1426 229 1463 ¹⁰
242 1418 285 1470 τοῦ
308 1410 490 1488 ζῆν’νομίμως
513 1409 600 1475 ἄλλοις
623 1408 813 1489 θρηγήσασθαι.
854 1408 962 1468 Τούτων
991 1408 1017 1466 δὲ

240 1504 329 1557 τοῦτον
345 1498 456 1578 ἐχόντων
469 1496 512 1555 τόν
530 1496 625 1577 τρόπον
642 1494 721 1577 cipes-d
739 1496 786 1572 μέν
806 1499 860 1555 έστι
880 1496 1016 1573 νομοθέτου

242 1584 274 1642 τά
303 1586 424 1664 βέλτιστα
446 1585 556 1642 συνιδεῖν
577 1582 623 1641 καί
643 1587 733 1640 πεῖσαι
760 1581 818 1647 τοὺς
839 1582 1018 1661 χρησομένους

241 1672 302 1751 περί
319 1675 371 1731 τῶν
382 1674 426 1730 ὑπ’
441 1673 511 1752 αὐτῷ
524 1669 671 1745 τιθεμένων,
682 1668 793 1738 πλήθους
805 1667 832 1727 δέ
844 1668 874 1727 τὸ
888 1678 954 1726 πᾶσι
967 1677 1018 1734 τοῖς

242 1760 345 1826 δόξασιν
358 1759 495 1835 ἐμμεῖναι,
508 1759 551 1815 καὶ
564 1757 630 1833 μήτε
649 1756 778 1835 εὐωχίαις
793 1755 858 1832 μήτε
874 1765 1018 1835 συμφοραῖς

205 1867 229 1905 ιο
243 1849 327 1905 αὐτῶν
340 1845 420 1921 μηδέν
435 1843 616 1922 μεταόάλλειν.
658 1844 737 1920 Φημί
747 1844 830 1901 τοίνυν
840 1843 883 1900 τὸν
892 1844 1017 1921 ἡμέτερον

243 1932 382 2009 νομοθέτην
399 1934 450 1989 τῶν
471 1932 664 2003 ὁπουδηποτοῦν
685 1928 916 2007 μνημονευομένων
940 1954 1015 2007 νομοΙ

245 2024 325 2079 θετῶν
338 2019 461 2097 προάγειν
484 2018 646 2099 ἀρχαιότητι.
688 2022 833 2097 Λυκοῦργοι
843 2016 894 2096 γάρ
907 2017 952 2074 καί
968 2017 1017 2075 Σό·

243 2109 322 2173 λωνες
333 2106 377 2164 καί
389 2105 519 2173 Ζάλευκος
532 2110 546 2164 ὁ
558 2109 610 2163 τῶν
624 2109 730 2183 Λοκρῶν
742 2104 787 2163 καλ
803 2104 899 2171 πάντες
912 2107 936 2162 οί
953 2109 1016 2163 θαυ-

244 2186 383 2270 μαζόμενόι
394 2192 467 2274 παρά
479 2202 529 2258 τοῖς
541 2188 671 2264 Ἕλλησιν
685 2188 757 2270 ἐχθὲς
777 2189 809 2261 δή
823 2190 868 2247 καί
879 2189 971 2271 πρῴην
984 2194 1019 2257 ὡς

204 2300 231 2339 κν
242 2280 305 2360 πρὸς
314 2282 409 2337 ἐκεῖνον
419 2277 647 2359 παραθαλλόμενοι
657 2278 791 2358 φαίνονται
798 2277 943 2356 γεγονότες,
953 2276 1017 2337 ὅπου

209 2394 214 2403 ·
242 2390 271 2444 γε
287 2368 347 2443 μηδ’
363 2365 425 2425 αὐτδ
448 2365 561 2436 τοῦνομα
576 2366 660 2424 πάλαι
675 2363 847 2443 ἐγιγνώσκετο
870 2370 915 2423 τοῦ
938 2364 1018 2443 νόμου

242 2452 314 2533 παρὰ
326 2456 380 2520 τοῖς
392 2451 523 2525 Ἕλλησι·
536 2452 581 2510 καί
597 2452 696 2532 μάρτυς
709 2450 830 2533 Ὅμηρος
844 2451 959 2526 οὐδαμοῦ
973 2456 1019 2523 τῆς

242 2539 368 2609 ποιήσεως
383 2544 453 2619 αὐτῷ
470 2533 642 2619 χρησάμενος.
683 2540 753 2599 Οὐδὲ
766 2539 817 2617 γάρ
831 2530 862 2609 ήν
878 2538 946 2597 κατά
960 2545 1019 2598 τοῦ·

242 2650 297 2703 τον,
311 2626 379 2685 ἀλλά
398 2627 513 2705 γνώμαις
536 2626 662 2706 ἀορίστοις
682 2625 715 2683 τὰ
728 2627 815 2697 πλήθη
840 2628 957 2705 διῳκεῖτο
974 2624 1018 2683 καί

204 2736 230 2773 us
244 2714 428 2792 προστάγμασι
437 2720 488 2773 τῶν
499 2713 636 2792 βασιλέων.
678 2714 733 2793 Ἆρ’
741 2705 770 2773 οὐ
779 2713 823 2771 καί
833 2712 911 2793 μέχρι
921 2715 1018 2771 πολλοῦ

243 2800 371 2878 διέμειναν
383 2800 465 2859 ἔθεσιν
478 2800 601 2881 ἀγράφοις
614 2800 763 2880 χρώμενοι,
774 2801 819 2858 καί
828 2802 913 2858 πολλὰ
922 2798 1018 2857 τούτοιν

243 2887 284 2944 άεί
299 2886 405 2966 πρθςτὸ
427 2886 601 2964 συντυγχάνον
624 2885 809 2959 μετατιθέντες.
852 2886 885 2947 Ὁ
902 2886 930 2944 δὲ
952 2887 1018 2963 ἡμέ-

243 2996 314 3052 τερος
327 2973 477 3049 νομοθέτης,
493 2972 662 3051 ἀρχαιότατος
676 2971 785 3051 γεγονώς
806 2976 896 3047 (τοῦτο
908 2972 958 3053 γάρ
973 2972 1017 3043 δή·

243 3065 335 3117 πουθεν
349 3061 512 3138 ὁμολογεῖται
534 3060 579 3118 καί
603 3059 676 3138 παρά
694 3063 747 3127 τοῖς
763 3060 848 3117 πάντα
862 3064 921 3119 καθ’
943 3066 1018 3136 ἡμῶν

203 3166 230 3206 sb
244 3144 381 3223 λέγωσιν),
399 3144 489 3204 ἑαυτόν
505 3169 534 3203 τε
556 3145 687 3225 παρέσχεν
702 3145 806 3226 άριστον
823 3139 1017 3219 τοῖςπλήθεσιν

205 3234 213 3238 ’
243 3233 359 3311 ἡγεμόνα
379 3233 424 3292 καί
442 3232 597 3309 σύμόουλον,
619 3234 667 3305 τήν
690 3257 719 3292 τι
745 3234 908 3306 κατασκευήν
934 3238 1019 3303 αὐτοῖς

241 3320 303 3393 όλην
324 3327 368 3380 τοῦ
384 3320 440 3398 βίου
460 3324 498 3401 τῷ
518 3321 590 3402 νόμῳ
604 3319 767 3402 παραλαόὼν
790 3321 876 3380 ἔπεισε
899 3321 1016 3400 παραδέ-

242 3406 334 3475 ξασθαι
346 3409 392 3467 καί
407 3406 577 3487 βεθαιοτάτην
592 3406 664 3465 ίσασι
681 3412 845 3487 φυλαχθῆναι
870 3408 1017 3487 παρεσκεύ-

243 3517 314 3555 ασεν.

202 3603 229 3641 as
283 3582 329 3647 ις’.
350 3580 462 3657 Ἴδονμεν
475 3579 501 3639 δὲ
516 3584 567 3638 τῶν
580 3580 664 3659 ἔργων
675 3582 753 3641 αὐτοῦ
772 3581 803 3640 τδ
822 3584 924 3660 πρῶτον
938 3604 1020 3657 μεγα·

242 3670 319 3728 λεῖον.
360 3669 473 3734 Ἐκεῖνος
495 3666 546 3745 γάρ
567 3666 625 3735 τούς
642 3669 781 3747 προγόνους
803 3672 890 3745 ἡμῶν,
912 3668 1018 3749 ἐπείπερ

242 3753 326 3821 ἔδοξεν
339 3755 424 3821 αὐτοῖς
434 3752 481 3825 τὴν
495 3754 626 3830 Αἴγυπτον
638 3757 785 3813 ἐκλιποῦσιν
796 3754 839 3812 ἰπὶ
850 3753 897 3825 τὴν
911 3756 1018 3833 πάτριον

198 3908 202 3919 Ι
242 3846 291 3916 γῆν
305 3840 453 3912 ἐπανιέναι,
478 3840 576 3906 πολλάς
597 3840 643 3907 τάς
664 3842 790 3922 μυριάδας
805 3841 966 3920 παραλαθῶν
990 3844 1019 3899 ἐκ

243 3929 346 3985 πολλῶν
355 3927 401 3984 καί
414 3926 556 4005 ἀμηχάνων
569 3925 689 3986 διέσωσεν
703 3933 738 3995 είς
752 3928 905 4008 άσράλειαν·
914 3928 960 3985 καί
969 3926 1018 4007 γάρ

203 4034 230 4073 tc
242 4010 290 4082 τήν
304 4011 411 4090 ἄνυδρον
422 4011 515 4078 αὐτοὺς
532 4013 576 4070 καλ
592 4011 691 4083 πολλὴν
706 4012 814 4091 ψάμμον
828 4011 880 4070 ἔδει
894 4014 1019 4071 διοδοιπο-

244 4102 338 4177 ρῆσαι,
350 4096 396 4155 καί
407 4103 513 4170 νικῆσαι
527 4096 670 4175 πολέμους,
684 4099 730 4157 καί
741 4098 818 4156 τέκνα
830 4099 875 4156 καλ
896 4107 1019 4175 γυναῖκας

243 4184 288 4243 καί
303 4184 375 4243 λείαν
389 4188 453 4261 ὁμοῦ
475 4184 564 4253 σώζειν
588 4184 761 4265 μαχομένους.
803 4185 850 4244 'En
873 4176 909 4251 οἷς
934 4178 1018 4243 ἅπασι

243 4271 288 4330 καί
302 4271 445 4352 στρατηγός
457 4272 560 4351 άριστος
576 4272 732 4349 ἐγένετοκαὶ
748 4271 892 4349 σύμόουλος
907 4272 1018 4330 συνετώ-

242 4381 319 4424 τατος
338 4358 383 4418 καί
402 4359 506 4418 πάντων
528 4360 648 4436 κηδεμὼν
668 4358 848 4431 ἀληθέστατος.
889 4356 976 4418 “daron
991 4360 1018 4417 δὲ

204 4469 229 4507 ιο
243 4445 272 4503 τὸ
287 4446 384 4514 πλῆθος
406 4447 442 4511 είς
464 4445 555 4504 ἑαυτὸν
581 4450 741 4525 ἀνηρτῆσθαι
763 4446 957 4526 παρεσκεύασε,
972 4446 1017 4504 καί

242 4532 302 4611 περί
315 4532 410 4600 παντὸς
422 4530 490 4612 ἔχων
504 4532 654 4601 πεισθέντας
675 4533 766 4600 αὐτοὺς
780 4538 825 4592 τοῦ
837 4534 1014 4603 κελευθέντος,

244 4620 278 4683 εἷς
291 4618 413 4694 οὐδεμίαν
426 4616 522 4676 οἰκείαν
538 4618 617 4677 ἔλαθε
631 4625 714 4677 ταῦτα
726 4620 882 4688 πλεονεξίαν.
926 4620 972 4681 Ἐν
996 4613 1017 4702 ᾧ

244 4702 359 4773 μάλιστα
377 4708 414 4783 τῷ
426 4708 509 4785 καιρῷ
521 4705 642 4780 δυνάμεις
654 4706 701 4781 μέν
716 4710 803 4773 αὐτοῖς
816 4706 1017 4786 περιόάλλονται

243 4786 288 4846 καλ
301 4790 451 4867 τυραννίδας
464 4794 488 4848 οἱ
502 4795 699 4871 προεστηκότες,
714 4795 822 4861 ἐθίζουσι
839 4795 865 4852 δέ
883 4795 915 4851 τά
929 4795 1017 4866 πλήθη

203 4894 230 4949 ου
244 4872 311 4951 μετά
320 4876 418 4946 πολλῆς
428 4878 535 4952 ἀνομίας
544 4882 599 4949 ζῆν,
611 4882 638 4936 ἐν
649 4877 733 4959 τούτῳ
743 4886 788 4951 τῆς
798 4880 912 4948 ἐξουσίας
922 4883 1017 4947 ἐκεῖνος

243 4958 409 5032 καθεστηκώς
417 4964 563 5023 τούναντίον
578 4964 650 5045 ᾠήθη
665 4966 717 5022 δεῖν
729 4968 852 5039 εὐσεθεῖν,
863 4971 908 5024 καί
917 4968 1016 5039 πολλὴν

243 5048 342 5108 εῦνοιαν
352 5048 403 5115 τοῖς
416 5050 488 5115 λαοῖς
499 5052 689 5131 ὶμπαρασχείν·
700 5053 780 5120 οὐτως
794 5054 869 5120 αὐτός
880 5078 906 5112 τε
916 5056 949 5112 τὰ
965 5056 1017 5131 μά·

243 5138 319 5194 λιστα
334 5136 383 5206 τὴν
402 5134 496 5215 άρετήν
514 5140 646 5207 ἐπιδείξειν
669 5139 716 5211 τήν
735 5144 823 5198 αὐτοῦ·
840 5141 949 5215 νομίζων
972 5141 1017 5199 καί

242 5223 372 5301 σωτηρίαν
383 5226 436 5289 τοῖς
448 5220 524 5281 αὐτόν
541 5224 654 5300 ἡγεμόνα
669 5226 829 5302 ποιουμένοις
845 5226 1016 5303 βεθαιοτάτην

1061 1000 1153 1053 terunt,
1166 996 1251 1060 eisqui
1263 996 1313 1047 alne
1325 998 1375 1060 lege
1389 1003 1414 1048 et
1435 988 1517 1048 ordine
1535 1001 1633 1061 vivunt,
1651 1004 1843 1053 mansuetudine

1061 1092 1086 1136 et
1097 1087 1202 1136 bonitate
1212 1090 1303 1138 naturae
1320 1102 1365 1138 non
1378 1089 1496 1140 immerito
1510 1094 1842 1153 prestantioresirabeantur.

1062 1176 1315 1239 lliuclitquodsinguli
1324 1179 1403 1241 legum
1411 1178 1498 1229 latores
1507 1194 1627 1231 summam
1634 1183 1685 1232 suis
1694 1186 1845 1232 vetustatem

1062 1268 1133 1317 tribui
1145 1269 1270 1331 affectant,
1284 1274 1311 1321 ut
1330 1286 1376 1321 non
1393 1273 1522 1323 imitatores
1534 1275 1633 1324 aliorum
1646 1276 1784 1335 rideantur,
1800 1276 1844 1323 sed

1061 1360 1105 1423 ipsi
1126 1352 1205 1423 potius¹
1223 1364 1276 1412 aliis
1288 1364 1391 1425 legitime
1412 1366 1506 1415 vivendi
1528 1367 1601 1417 duces
1617 1369 1747 1418 exstitisse.
1790 1370 1846 1418 istis

1062 1457 1125 1507 lrrrue
1137 1460 1161 1508 in
1175 1459 1273 1509 modum
1285 1474 1311 1509 se
1329 1462 1483 1524 habentibus,
1495 1464 1571 1513 virtus
1584 1465 1680 1527 quidem
1700 1466 1846 1527 legislatoris

1061 1555 1110 1612 est,
1123 1564 1178 1613 quoe
1188 1552 1277 1614 optima
1296 1556 1353 1602 sunt
1373 1554 1517 1618 perspicere,
1529 1560 1554 1605 et
1566 1555 1597 1605 de
1609 1557 1746 1607 constitutis
1764 1560 1789 1606 in
1804 1558 1845 1605 bo·

1061 1656 1115 1692 uam
1131 1643 1264 1706 opinionem
1280 1645 1397 1721 adducere
1412 1660 1454 1697 eos
1473 1648 1515 1721 qui
1527 1648 1574 1697 illis
1588 1649 1653 1696 usuri
1669 1655 1745 1698 sunt:
1760 1650 1844 1711 populi

1062 1752 1131 1801 rero,
1144 1745 1171 1789 ut
1181 1746 1291 1792 maneant
1300 1743 1323 1791 in
1335 1742 1447 1793 omnibus
1460 1756 1513 1806 quae
1523 1745 1582 1793 scita
1594 1751 1618 1794 et
1624 1746 1693 1806 jussa
1705 1746 1810 1805 iruerint;
1820 1751 1845 1795 st

1061 1844 1138 1893 nequo
1146 1846 1177 1881 ex
1189 1833 1312 1894 felicitate,
1322 1848 1399 1905 neque
1408 1849 1436 1884 es
1447 1835 1622 1887 calamitatibus
1643 1840 1732 1887 trorum
1749 1839 1845 1900 aliquid

1061 1924 1193 1975 immutare.
1225 1926 1282 1975 Dico
1291 1926 1362 1988 igitur
1373 1933 1480 1977 nostrum
1492 1928 1648 1991 legislatorem
1668 1932 1793 1992 quoslibet
1803 1933 1845 1993 qui

1063 2022 1224 2067 memorantur
1236 2017 1381 2079 legislatores
1390 2020 1532 2082 antiquitate
1540 2021 1683 2084 praecedere.
1718 2025 1845 2084 Lycrrrgus

1061 2114 1139 2173 enim,
1151 2118 1175 2163 et
1197 2115 1282 2176 solon,
1294 2120 1318 2164 οι
1337 2116 1451 2165 zaleucus
1473 2118 1612 2178 locrensis,
1624 2123 1648 2167 et
1665 2132 1752 2167 ornnes
1764 2120 1807 2181 qui
1820 2120 1843 2167 in

1062 2206 1217 2257 admiratione
1229 2210 1287 2257 sunt
1298 2208 1360 2270 apud
1377 2212 1490 2269 Grecos,
1503 2210 1593 2259 nonita
1611 2210 1701 2273 pridem
1718 2210 1845 2260 exstitisse

1063 2302 1181 2363 videntur,
1195 2302 1215 2350 si
1232 2302 1264 2350 illi
1283 2302 1434 2353 oonieranrur
1450 2318 1457 2351 z
1476 2304 1571 2365 quando
1593 2316 1622 2353 ne
1643 2304 1723 2366 ipsum
1744 2303 1844 2366 quidem

1063 2395 1120 2459 legis
1130 2410 1214 2446 nomen
1226 2397 1282 2446 clim
1294 2396 1356 2460 apud
1367 2400 1462 2448 Graeccs
1476 2398 1674 2460 cognoscebatur;
1685 2399 1788 2461 quodsi
1810 2404 1844 2447 te·

1063 2492 1141 2538 statur
1152 2493 1281 2551 Homerus,
1296 2492 1337 2554 qui
1349 2504 1466 2553 nusquam
1478 2491 1502 2540 iu
1516 2492 1582 2554 poesi
1598 2504 1641 2540 sua
1651 2493 1698 2541 isto
1715 2497 1753 2541 est
1775 2504 1843 2541 usus.

1062 2582 1125 2630 Nitril
1139 2582 1227 2645 quippe
1239 2584 1376 2644 trnjnsrnodi
1387 2585 1437 2633 erat
1445 2584 1519 2646 ipsius
1531 2588 1646 2647 tempore,
1658 2584 1700 2633 sed
1715 2587 1843 2633 sententiis

1062 2686 1109 2723 non
1127 2672 1244 2736 delinitis,
1264 2679 1289 2726 ct
1307 2690 1387 2739 regum
1402 2677 1476 2739 jussis
1493 2677 1574 2740 populi
1590 2677 1739 2739 regebantur.
1775 2680 1843 2728 Unde

1062 2768 1133 2815 etiam
1145 2766 1215 2829 longo
1227 2771 1333 2831 tempore
1345 2782 1495 2833 permansere
1503 2769 1716 2819 consuetudinibus
1726 2784 1772 2819 non
1783 2772 1841 2819 scri-

1062 2863 1109 2925 ptis
1119 2866 1223 2925 utentes,
1239 2867 1373 2929 multasque
1381 2867 1474 2915 illarum
1483 2879 1585 2929 semper,
1596 2868 1708 2928 proutrss
1717 2867 1842 2923 ceciderit,

1063 2955 1165 3006 subinde
1176 2960 1305 3007 mutantes.
1337 2961 1421 3008 Noster
1430 2971 1487 3008 nero
1497 2958 1625 3020 legislator,
1639 2958 1680 3021 qui
1690 2962 1714 3007 ot
1726 2960 1844 3020 mutionis-

1062 3049 1137 3099 simus
1155 3052 1211 3113 (boe
1225 3052 1312 3102 etenim
1331 3052 1354 3101 iu
1371 3053 1478 3102 confesso
1488 3058 1526 3103 est
1543 3054 1615 3101 etiam
1627 3054 1690 3115 apud
1703 3054 1842 3110 rrntrersos,

1062 3144 1103 3207 qui
1112 3146 1192 3194 omnia
1202 3150 1284 3196 contra
1294 3159 1338 3195 nos
1348 3146 1496 3208 loquuntur),
1504 3151 1531 3195 et
1539 3147 1693 3208 semetipsum
1706 3148 1797 3209 populo
1805 3161 1844 3195 on·

1063 3238 1140 3287 tribuit
1151 3238 1235 3288 ducem
1247 3241 1455 3303 consultoremque
1473 3240 1709 3301 praestantissimum
1726 3247 1751 3290 et
1768 3244 1842 3290 totam

1062 3331 1118 3381 vitre
1136 3333 1251 3382 rationem
1269 3333 1320 3394 lege
1337 3335 1487 3396 complexus,
1508 3335 1543 3383 eis
1560 3334 1636 3383 suasit
1654 3334 1715 3383 lianc
1740 3334 1842 3385 libenter

1062 3424 1185 3487 excipere,
1198 3426 1300 3487 iecitque
1312 3428 1339 3474 nt
1349 3425 1526 3486 diligentissime
1536 3425 1704 3475 observaretur
1718 3440 1732 3475 a
1744 3428 1842 3477 seienti-

1062 3516 1108 3565 bus
1117 3515 1328 3578 pmdentibrrsque.

1095 3606 1130 3649 tu.
1148 3601 1252 3649 Primum
1262 3604 1341 3649 nutem
1353 3600 1474 3651 rideamus
1485 3602 1550 3664 quod
1564 3602 1625 3651 iuter
1636 3616 1709 3665 opera
1723 3604 1778 3666 ejus
1790 3618 1840 3654 una·

1061 3692 1172 3753 pullicum
1185 3698 1229 3742 est.
1241 3692 1283 3742 lile
1295 3693 1357 3741 enim
1371 3694 1546 3755 prrogenilorum
1555 3697 1705 3755 nocherum,
1714 3702 1842 3760 postquam

1062 3786 1096 3833 eis
1108 3784 1186 3833 risum
1196 3789 1232 3833 est
1244 3787 1343 3846 aegypto
1353 3784 1434 3834 relicta
1443 3785 1473 3834 ad
1489 3789 1576 3835 terram
1589 3787 1689 3849 patriam
1707 3794 1841 3849 reuertere,

1062 3889 1136 3939 quum
1148 3876 1223 3925 multa
1231 3876 1303 3925 millia
1313 3877 1481 3939 assumpsisset
1489 3916 1496 3939 ,
1504 3878 1592 3927 illosex
1603 3879 1686 3927 mullis
1697 3878 1842 3929 difficultati·

1064 3971 1108 4019 bus
1124 3967 1153 4017 ad
1175 3968 1364 4017 incolumitatem
1376 3969 1487 4031 perduxit
1500 3991 1505 4019 :
1519 3982 1574 4019 narn
1596 3976 1620 4019 et
1639 3971 1781 4034 inaquosam
1801 3987 1843 4023 eos

1062 4064 1084 4109 el
1098 4058 1165 4108 valde
1177 4073 1300 4109 arenosam
1312 4061 1436 4123 oportebat
1447 4062 1510 4109 viam
1521 4062 1636 4123 transire,
1647 4067 1672 4110 et
1687 4062 1750 4111 bella
1763 4064 1841 4126 prulli-

1062 4161 1130 4210 μου,
1147 4154 1171 4199 et
1186 4150 1273 4199 liberos
1286 4164 1412 4201 acuxores
1429 4164 1483 4200 curn
1505 4151 1584 4215 preda
1607 4153 1668 4201 iuter
1687 4153 1841 4215 pugnandum

1062 4251 1163 4289 serrare.
1197 4243 1224 4289 ln
1242 4242 1331 4303 quibus
1340 4242 1451 4291 omnibus
1465 4247 1489 4290 ct
1499 4242 1584 4291 ducem
1596 4244 1717 4305 egregium
1729 4248 1753 4294 et
1761 4244 1838 4293 consi·

1062 4331 1157 4380 linrium
1168 4332 1368 4393 sapientissimum
1382 4346 1408 4381 se
1421 4332 1532 4395 praestitit
1540 4369 1546 4393 ‚
1555 4339 1579 4383 et
1588 4334 1696 4383 omnium
1707 4339 1840 4384 curatorem

1062 4423 1222 4473 verissimum.
1236 4423 1302 4473 Fecit
1310 4427 1390 4473 antem
1408 4430 1435 4472 ut
1443 4424 1520 4473 omnis
1530 4424 1560 4473 ab
1571 4425 1622 4487 ipsc
1633 4425 1746 4487 penderet
1759 4427 1840 4476 multi-

1062 4516 1129 4577 rudo,
1142 4519 1166 4565 et
1176 4527 1251 4577 quum
1263 4516 1341 4563 omnia
1353 4528 1408 4577 quac
1422 4514 1493 4564 veltet
1509 4514 1538 4563 iis
1557 4514 1699 4576 persuadere
1712 4522 1802 4578 posset,
1816 4517 1840 4566 in

1062 4608 1127 4657 nulls
1144 4608 1227 4656 borum
1245 4605 1375 4655 vindicarit
1390 4606 1485 4657 sibimet
1501 4611 1652 4669 potestatem.
1685 4608 1733 4659 Sed
1751 4610 1776 4659 in
1792 4624 1840 4673 qim

1062 4699 1163 4747 maxime
1174 4702 1279 4759 tempore
1299 4698 1426 4759 potentiam
1440 4699 1536 4760 quidem
1553 4699 1649 4748 sibimet
1665 4706 1804 4763 comparant
1816 4706 1840 4750 et

1062 4789 1379 4851 tyrannidemoccupantqui
1389 4790 1443 4839 aliis
1453 4796 1573 4853 rrrmsunt,
1582 4792 1840 4855 populumverolioen·

1061 4882 1098 4929 ter
1106 4878 1234 4928 admodum
1245 4880 1325 4929 vivore
1333 4882 1507 4941 assuelaciunt,
1518 4881 1541 4930 in
1553 4881 1597 4931 lrao
1605 4882 1645 4931 ille
1653 4884 1772 4945 potestate
1781 4894 1839 4931 ocu·

1061 4971 1172 5032 stitutus,
1182 4972 1322 5019 econtrario
1332 4972 1571 5035 ipsumoporterepie
1581 4974 1840 5033 vireresensuitrnul·

1061 5064 1162 5125 tumque
1179 5060 1350 5113 benevolentiae
1368 5062 1457 5126 popolo
1469 5067 1582 5125 prestare
1601 5084 1607 5112 ι
1626 5065 1660 5113 its
1677 5077 1704 5114 se
1722 5069 1747 5115 et
1761 5064 1839 5127 ipsum

1061 5150 1164 5199 maxime
1177 5150 1289 5197 virtutem
1301 5161 1368 5197 suam
1379 5152 1530 5198 ostensurum
1539 5162 1591 5197 esse
1599 5148 1752 5209 existimaus,
1763 5150 1788 5198 et
1799 5162 1838 5197 sa·

1064 5237 1137 5285 tutem
1152 5236 1307 5286 certissimam
1318 5236 1365 5284 illis
1375 5236 1484 5287 datiuum
1499 5236 1540 5298 qui
1559 5238 1636 5297 ipsum
1648 5236 1741 5285 sibimel
1752 5235 1839 5284 ducena
