3825 6059
43 452 171 529 truso-r

42 582 219 661 προσελθόντων
233 581 342 659 ἐγένετο.
383 585 419 641 Οἱ
435 581 461 640 δέ
482 576 639 662 στρατιῶται
653 583 798 664 φειδόμενοι

41 679 75 729 τοῦ
84 670 160 750 Ιγνόφου
180 669 260 726 πέντε
271 669 330 735 τούς
346 669 547 748 κραταιοτάτους
560 673 737 738 ἐκκυλίσαντες
750 676 801 730 τῶν

42 762 114 831 λίθων,
127 757 293 828 ὑποπηδῶσι·
315 756 486 836 κατηρείπετο
499 757 526 815 δὲ
541 763 555 816 ὁ
569 758 668 839 πύργος
684 759 802 840 ἐξαίφνης

42 846 96 921 μετὰ
107 844 227 923 μεγίστου
239 844 333 924 ψόφοι.
344 843 398 902 Καὶ
409 847 710 923 συγκατακρημνίζονται
722 846 768 922 μὲν
778 849 801 905 σί

23 961 33 998 ε
43 935 136 1003 φύλακες
148 935 228 1012 αὐτῷ,
236 930 417 1012 θορνῦηθέντες
431 930 459 989 δέ
467 934 490 989 ol
497 931 565 990 κατδ
575 933 621 997 τάς
631 933 711 1000 ἄλλας
719 937 801 1014 φυλα-

41 1021 80 1086 ιιές
90 1021 198 1098 ἔφευγον,
207 1017 373 1084 καίπολλοθς
382 1017 522 1076 διεκπαίειν
535 1021 685 1094 τολμῶντας
694 1024 718 1079 ci
732 1019 801 1081 Ῥω·

43 1110 101 1183 μεῖοι
114 1107 266 1187 διέφθειραν,
281 1108 308 1164 ἐν
321 1097 357 1172 οἷς
369 1107 415 1164 καὶ
436 1104 563 1177 Ἰώσηπόν
578 1131 616 1174 τις
631 1108 696 1187 ὑπὲρ
708 1109 738 1168 τὸ
749 1132 800 1166 πα·

44 1194 195 1273 ρερρηγμένον
203 1198 250 1250 τσῦ
260 1195 362 1270 τείχους
372 1192 571 1272 ἐκδιδράσκοντα
594 1193 682 1272 βαλὼν
693 1199 799 1275 ἀναιρεῖ.

43 1286 91 1341 lto
107 1284 127 1340 δ’
148 1280 196 1338 ἀνθ
212 1280 262 1350 τὴν
290 1281 365 1338 πόλιν
379 1279 574 1338 διασεισθέντων
589 1281 639 1339 ὑπὸ
659 1289 705 1340 τοῦ
718 1283 801 1363 ψόφου

21 1367 149 1448 εθιεδρομῆ
163 1392 192 1425 τε
205 1359 238 1439 ῆν
253 1367 300 1426 καὶ
315 1367 394 1425 πτοία
407 1366 509 1446 πολλὴ,
524 1367 642 1448 καθάπερ
656 1372 801 1428 εἰσπεπτω-

42 1459 108 1515 κύτων
119 1457 222 1514 πάντων
234 1460 290 1514 τῶν
303 1446 444 1531 πολεμίων.
485 1454 569 1514 Ἔνθα
588 1458 632 1514 καὶ
646 1458 738 1535 Χάρης
754 1481 801 1516 κα-

43 1546 171 1621 τακείμενος
181 1543 227 1602 καί
239 1544 442 1620 νοσηλευόμενος
463 1543 586 1615 ἐκλείπει,
596 1543 662 1602 πσλθ
674 1550 720 1602 τοῦ
731 1544 801 1611 δέους

43 1632 223 1710 πινιργιίσαντος
241 1633 280 1700 είς
289 1632 397 1689 θάνατον
409 1636 442 1709 τῆ
459 1631 535 1710 νόσῳ.
557 1630 685 1708 Ῥωμαῖοί
697 1656 726 1710 γε
738 1633 801 1708 μῆν,

45 1719 181 1796 μεμνημένοι
202 1725 250 1778 τοῦ
272 1719 397 1799 προτέρου
419 1719 592 1794 πταίσματος,
601 1721 649 1778 οὐκ
667 1720 801 1779 είσίὸαλον

21 1808 80 1871 aiu<
91 1807 170 1886 τρίτης
180 1807 226 1866 καὶ
237 1807 342 1871 εἰκάδος
353 1811 397 1864 τοῦ
409 1804 595 1885 προειρημένου
606 1804 695 1882 μηνός.

75 1895 96 1954 ι’.
114 1895 187 1961 Τίτος
202 1893 231 1952 δέ
247 1893 310 1968 (ἤδη
324 1891 375 1977 γδρ
390 1897 486 1971 παρῆν)
501 1896 565 1972 ὀργῆ
588 1898 634 1964 τῆς
647 1895 750 1969 πληγῆς
769 1893 801 1965 ἣν

45 1983 93 2060 παρ’
106 1984 184 2039 αὐτῶν
197 1981 355 2058 ἐπλήγησαν
368 1980 475 2046 ἀπόντος
486 1979 617 2054 Ῥωμαῖοι
637 1984 689 2038 τῶν
701 1982 800 2038 ἱππέοιν

47 2067 142 2136 ἐπιλέξας
155 2067 318 2138 διακοσίους,
340 2067 403 2146 πρὸς
415 2057 453 2132 οἷς
469 2065 514 2124 καί
535 2065 641 2136 πεζούς,
657 2065 802 2146 εἰσέρχεται

47 2159 73 2221 εἷς
82 2155 121 2225 τὴν
133 2155 204 2214 πόλιν
217 2158 322 2233 ἡσυχῆ.
364 2153 418 2213 Καὶ
431 2152 603 2233 παρελθόντος
620 2157 643 2212 οἱ
656 2155 702 2229 μὲν
721 2151 801 2232 φύλα·

21 2266 78 2308 εικες
87 2242 221 2318 αἰσθόμενοι
233 2241 305 2318 μετὰ
317 2245 377 2321 βοῆς
390 2242 502 2320 ἐχώρουν
517 2241 559 2298 ἐπὶ
575 2241 609 2297 τά
625 2241 709 2317 ὅπλα,
723 2242 802 2312 δήλης

48 2329 68 2385 δέ
76 2334 113 2399 τῆς
118 2330 230 2400 ιίσῦολῆς
240 2329 344 2408 ταχέως
355 2329 399 2386 καὶ
412 2333 464 2394 τοῖς
478 2326 540 2386 εἴσω
553 2325 701 2404 γενομένης,
716 2333 740 2385 o't
754 2328 801 2403 μὲν

49 2417 181 2495 ἑρπύζοντες
200 2415 234 2476 τά
256 2416 334 2475 τέκνα
355 2417 399 2474 καί
411 2415 456 2481 τὰς
475 2424 597 2492 γυναῖκας
621 2415 801 2494 ἐπισυρόμενοι

48 2504 96 2581 πρὸς
104 2504 145 2574 τῆν
163 2493 246 2586 ἄκραν
262 2501 401 2584 ἀνέφευγον
416 2500 482 2578 μετὰ
496 2508 612 2560 κωκυτοῦ
628 2502 672 2560 καὶ
688 2507 763 2580 βοῆς,
778 2504 801 2560 οἱ

49 2590 68 2646 δέ
77 2591 111 2646 τὀν
124 2592 196 2652 Τίτον
209 2588 585 2660 ὓπαντιείζοντεςάδιαλείπτως
595 2588 711 2647 ἔπιπτον.
720 2586 802 2648 Ὅσοι

22 2677 69 2738 abi
86 2678 280 2751 ἀπεκωλύθησαν
303 2679 346 2738 ἐπὶ
359 2676 404 2748 τλν
428 2677 543 2757 κορυφὴν
568 2677 737 2758 ἀναδραμεῖν,
758 2677 800 2733 ὑπ’

49 2768 171 2844 ἐμηχανίας
184 2771 220 2835 είς
236 2766 288 2832 τθις
302 2770 354 2826 τῶν
375 2764 515 2842 Ῥωμαίων
532 2764 641 2844 φρουρὰς
655 2763 799 2832 ἐξέπιπτον.

50 2848 145 2933 ’λπειρος
159 2854 184 2912 δέ
195 2844 227 2925 ῆν
240 2857 380 2931 πανταχοῦ
396 2851 571 2932 φονευομένων
581 2855 596 2908 δ
607 2851 707 2920 στόνος,
718 2853 761 2908 καὶ
773 2849 802 2907 τδ

51 2931 101 3014 τίμα
110 2950 189 2998 πᾶσαν
208 2939 336 3007 ἐπέκλυζε
350 2938 397 3007 τὴν
412 2940 485 2997 πόλιν
497 2939 565 2996 κατὰ
579 2943 689 3017 πρανοῦς
708 2936 803 3015 χεόμε-

50 3047 89 3083 νον.
122 3027 185 3107 Πρθς
196 3027 223 3085 δὲ
234 3023 297 3091 τούς
318 3025 508 3104 ἀναφεύγοντας
522 3029 557 3092 εές
570 3025 617 3095 τλν
639 3025 719 3103 ἄκραν
740 3027 800 3080 έπε-

25 3112 120 3182 abien
136 3115 334 3180 Οὐεσπασιανὸς
347 3124 435 3172 πᾶσαν
449 3114 594 3192 εἰσαγαγὼν
616 3113 662 3182 τὴν
683 3113 801 3188 δύναμιν.

51 3189 90 3258 Ἦν
102 3200 125 3259 δέ
137 3201 152 3272 ἥ
162 3225 188 3260 τε
200 3200 305 3283 κορυφὴ
318 3200 442 3258 πάντοθεν
453 3200 585 3278 πετρώδης
598 3199 643 3256 καὶ
658 3197 802 3274 δύσῦατος,

22 3292 23 3297 ’
52 3288 77 3350 Εἷς
88 3287 179 3368 άπειρον
192 3288 259 3369 blo<
272 3287 421 3368 ἐπηρμένη,
441 3287 660 3365 καὶπανταχόθεν
671 3291 716 3344 τοῦ
732 3284 803 3356 πλῆ-

52 3375 230 3452 θουςκατέγεμε,
242 3374 450 3454 περιειλημμένη
458 3374 597 3452 κρημνοῖς,
608 3371 763 3448 κατέτεμνόν
775 3395 803 3430 τε

52 3461 139 3518 ἐνταῦθα
152 3461 208 3528 τοὺς
220 3461 427 3543 προσβαίνοντας
440 3465 463 3520 οἱ
479 3462 615 3530 Ἰουδαῖοι,
634 3459 692 3526 τούς
707 3483 735 3518 τε
756 3459 803 3517 άλ-

28 3546 96 3612 else
104 3550 182 3624 βελεσι
192 3552 236 3608 καλ
253 3549 359 3629 πέτραις
372 3539 616 3613 κατακυλινδοῦντες
625 3547 744 3620 ἐκάκουν,
759 3551 804 3606 αὖ·

52 3634 112 3692 etti
123 3639 152 3694 δι’
163 3637 224 3718 θψος
234 3628 306 3709 ἦσαν
321 3637 467 3717 δυσέφικτοι
482 3635 577 3714 βελεσι.
588 3635 690 3695 Γίνεται
704 3636 732 3692 δὲ
741 3635 804 3714 πρὸς

53 3721 161 3780 ἀπώλειαν
175 3728 263 3785 αὐτῶν
283 3722 388 3803 ἀντικρύ
408 3723 502 3782 θύελλα
516 3722 660 3798 δαιμόνιος,
674 3722 692 3793 ἢ
711 3722 744 3780 τὰ
758 3721 804 3797 μὲν

53 3805 169 3884 Ῥωμαίων
188 3812 279 3894 ἔφερεν
293 3814 329 3876 εἰς
342 3809 433 3876 αὐτούς
455 3809 534 3888 βέλη,
551 3809 584 3866 τά
601 3805 627 3867 δέ
643 3811 727 3866 αὐτῶν
746 3808 803 3866 άνέ·

53 3899 175 3976 opereat
188 3899 290 3976 πλάγια
304 3899 458 3977 παρέσυρεν.
499 3895 569 3957 Οὔτε
584 3894 611 3954 δέ
625 3904 678 3962 τοῖς
688 3894 804 3971 ἀποκρί-

28 4000 45 4036 tu
54 4005 109 4053 μνοις
120 3985 269 4062 ἐφέπεσθαι
280 3985 322 4043 διδ
330 3984 376 4056 τὴν
388 3986 445 4064 βίαν
456 3983 576 4043 ἐδύναντο
587 3989 631 4041 τοῦ
644 3981 803 4060 πνεύματος,

53 4070 115 4140 μηδὲν
126 4075 223 4152 έδραῖον
247 4072 361 4152 ἔχοντες,
374 4071 433 4129 οὔτε
443 4070 501 4137 τοὺς
511 4068 713 4150 προσὸαίνοντας
726 4075 805 4129 καθο-

54 4163 98 4232 ρθν.
131 4159 352 4221 Ἐπαναὸαίνουσι
373 4158 400 4216 δέ
418 4158 563 4234 Ῥωμαῖοι,
577 4157 623 4214 καὶ
641 4157 805 4236 περισχόντες

53 4241 135 4321 licitis
153 4248 328 4322 ἀμυνομένους
341 4246 457 4327 ἔφθανον,
471 4245 513 4311 οῦς
527 4246 554 4304 δὲ
565 4247 652 4323 χεῖρας
665 4243 804 4323 προΐσχον-

53 4351 94 4395 ³²5·
128 4333 229 4394 Ἐτόνσυ
245 4333 272 4392 δὲ
285 4336 329 4392 τὸν
339 4333 417 4409 θυμὸν
430 4334 515 4398 αὐτοῖς
524 4332 567 4390 ἐπὶ
573 4334 671 4398 πάντας
683 4337 700 4401 ἡ
714 4333 804 4409 μνήμη

30 4419 93 4474 θεῶν
104 4421 142 4479 ἐπλ
154 4427 198 4492 τῆς
215 4421 323 4502 πρώτης
341 4420 459 4490 είσῦολῆς
479 4420 660 4480 ἀπολωλότων.
703 4420 805 4497 Ἀπογι-

54 4502 171 4573 νύττοντες
184 4509 210 4567 δὲ
224 4507 273 4580 τὴν
290 4508 419 4588 σωτηρίαν
432 4506 594 4584 πανταχόθεν
606 4509 630 4564 οί
648 4507 740 4565 πολλοί
755 4531 803 4565 πε-

56 4593 180 4669 ρισχόμενοι
191 4596 269 4655 τέκνα
287 4596 333 4653 καὶ
347 4595 470 4672 γυναῖκας
481 4593 586 4660 ἐαυτοθς
603 4592 805 4673 κατεκρήμνιζον

55 4676 82 4740 εἷς
93 4678 132 4748 τῆν
152 4682 284 4764 φάραγγα·
300 4680 431 4760 βαθυτάτη
448 4679 553 4751 δέαύτη
575 4679 644 4738 κατὰ
661 4681 709 4750 τὴν
723 4679 805 4758 ἄκραν

22 4786 23 4827 3
56 4762 179 4842 ὓτίιρυκτο.
220 4768 325 4838 Συνέῦη
344 4767 371 4826 δὲ
389 4767 436 4838 τῆν
450 4767 590 4844 Ῥωμαίων
610 4768 688 4846 ὀργὴν
712 4771 757 4836 τῆς
770 4769 811 4832 εἰς

22 4866 48 4915 εν
58 4850 132 4918 αὐτούς
143 4855 261 4922 ἀπονοίας
274 4859 325 4914 τῶν
339 4854 453 4913 ἁλόντων
468 4853 612 4934 προροτέραν
621 4857 741 4934 φανῆναι.
753 4857 804 4913 Τε-

56 4942 206 5019 ῑρτκιοχίλιοι
220 4943 267 5019 μέν
287 4967 316 5020 γε
332 4943 382 5000 ὑπὸ
395 4942 490 5000 τούτων
507 4941 666 5020 ἐσφάγησαν,
680 4942 704 4996 οἱ
723 4938 750 4996 δὲ
765 4937 805 5018 βί-

57 5023 132 5094 ψιντες
149 5031 249 5098 ἑαυτοὺς
267 5030 331 5110 ύπέρ
344 5029 566 5107 πεντακισχιλίους
579 5026 731 5107 ηὑρέθησαν·
747 5026 806 5084 διε-

58 5107 114 5182 ῦίθη
126 5114 151 5171 δέ
158 5116 224 5186 πλὴν
231 5117 276 5175 δύο
288 5120 414 5193 γυναικῶν
429 5115 518 5182 οὐδείς.
559 5119 615 5184 Τῆς
630 5110 804 5172 delineasti

59 5199 112 5262 iero
134 5204 239 5283 ἀδελφῆς
259 5205 390 5284 θυγατέρες
405 5195 494 5261 αὗται·
517 5204 591 5268 αὐτὸς
606 5204 627 5258 δ’
646 5201 806 5264 ὅψιλιππος
824 5191 828 5233 ⁸

520 452 568 510 tlte
591 454 711 512 aaat0
731 455 812 514 llll).
834 456 907 513 llll.
928 458 980 518 lv.
1003 459 1085 518 CAP.
1107 461 1131 520 l.

1337 471 1339 474 ’
1392 469 1515 547 [scaena]
1560 485 1612 534 lb‘l

847 595 921 644 tidem
931 601 1011 646 autem
1026 599 1125 660 militas,
1138 601 1242 650 carendo
1255 616 1284 653 ue
1295 605 1407 667 strepitus
1425 607 1503 670 thret,
1514 611 1619 673 quiaque

845 692 909 740 satie
922 693 1074 742 validissimis
1092 697 1191 745 esotruis
1210 712 1235 747 sa
1250 701 1394 762 proripiunt,
1407 703 1533 766 subitoque
1545 707 1618 754 turris

844 799 903 836 cum
912 789 999 849 lugenti
1010 789 1100 852 lregnre
1114 792 1209 842 decidit.
1243 799 1271 845 Εε
1282 797 1391 847 custodes
1400 799 1497 861 quidem
1509 800 1561 861 qus
1570 817 1620 852 uno

846 883 1023 945 precipiantur
1036 902 1041 934 :
1052 888 1092 948 qui
1104 899 1157 937 vern
1171 889 1226 938 alibi
1235 891 1356 940 custodias
1365 895 1479 956 agebant,
1491 898 1620 959 perturbati

848 979 969 1040 fugiebant
974 999 981 1043 ;
995 983 1257 1048 multosqueerumpcre
1270 989 1383 1038 ardentes
1391 991 1500 1042 occidere
1509 995 1620 1052 Rotnani,

845 1075 869 1122 in
888 1076 975 1138 quibus
985 1081 1008 1126 el
1025 1080 1168 1142 Jnseplrum,
1180 1096 1251 1144 super
1264 1087 1354 1146 partem
1370 1087 1431 1134 muri
1443 1087 1558 1148 dejectam
1579 1104 1621 1139 et·-

845 1179 993 1234 currenlem,
1014 1175 1110 1237 quidam
1124 1175 1203 1236 jaculo
1216 1179 1316 1240 perimit.
1349 1181 1385 1230 ab
1401 1182 1429 1231 iis
1445 1185 1578 1246 animaequi
1598 1187 1621 1233 iu

846 1264 904 1314 urbe
917 1269 998 1326 erant,
1015 1281 1043 1317 ea
1062 1269 1107 1318 isto
1123 1271 1202 1319 sonitu
1222 1279 1299 1322 mente
1312 1278 1436 1336 permotis,
1454 1278 1558 1341 undique
1575 1281 1623 1330 dis·

845 1369 941 1404 cursum
953 1363 990 1406 cst
1005 1363 1029 1408 et
1044 1360 1113 1408 valde
1123 1362 1279 1424 trepidatum,
1292 1369 1403 1426 tauquam
1422 1367 1503 1417 lrostes
1516 1372 1621 1420 universi

845 1446 998 1508 irruptionem
1019 1449 1138 1500 iecissent.
1171 1455 1238 1502 Tunc
1256 1456 1280 1502 et
1296 1455 1385 1506 Chares
1404 1456 1464 1506 lecto
1476 1457 1622 1510 decumbens

845 1535 906 1586 iuter
919 1539 1064 1588 curationem
1075 1541 1139 1590 elllat
1147 1542 1249 1592 animam
1256 1581 1264 1606 ,
1275 1558 1360 1608 magno
1375 1547 1459 1596 timore
1472 1551 1578 1600 nonniluil
1591 1551 1626 1600 la-

844 1628 921 1680 cleuic
933 1632 960 1680 ut
973 1632 1070 1680 morbus
1081 1632 1109 1680 ad
1126 1637 1226 1686 mortem
1247 1649 1322 1699 usqne
1341 1637 1520 1700 ingravesceret.
1552 1645 1619 1692 cete·

845 1731 898 1764 mm
907 1720 1022 1780 Romani,
1041 1721 1126 1782 prioris
1143 1723 1217 1772 cladis
1237 1733 1431 1784 memores,ante
1449 1728 1585 1780 vicesimam
1597 1737 1622 1780 et

845 1808 936 1858 εετείειιι
946 1809 1009 1858 diem
1020 1813 1109 1862 merrsis
1120 1813 1225 1876 praedicti
1238 1817 1320 1866 urbem
1332 1831 1380 1866 non
1390 1820 1447 1868 sunt
1456 1819 1563 1879 ingressi.

879 1902 916 1946 lc.
933 1898 1002 1948 Titus
1011 1902 1091 1950 autem
1110 1900 1206 1963 (quippe
1216 1903 1265 1964 J'arrr
1277 1903 1367 1966 aderat)
1377 1905 1536 1966 indignatione
1548 1907 1622 1969 plage

845 1997 916 2046 quam
928 1989 1027 2040 Romani
1039 1988 1069 2037 ab
1078 1991 1136 2052 ipsis
1144 2005 1170 2040 se
1179 1992 1277 2043 absente
1287 1996 1543 2057 acceperant‚delectia
1556 2001 1623 2062 eqni·

845 2077 910 2126 tibus
920 2077 1031 2128 decernis
1041 2093 1069 2130 ac
1079 2087 1192 2144 praeterea
1208 2083 1339 2146 peditibus,
1356 2087 1436 2148 quiete
1451 2088 1475 2136 in
1494 2089 1576 2138 urbem
1588 2090 1621 2138 iu·

845 2173 900 2219 irat.
914 2174 992 2229 Quem
1003 2187 1077 2236 quurn
1088 2175 1169 2236 vigiles
1178 2177 1273 2240 quidem
1283 2184 1476 2241 praetergressum
1484 2182 1621 2235 seminent.

844 2257 874 2307 ad
885 2274 952 2312 ετοεε
961 2277 1016 2314 cum
1034 2264 1136 2316 clamore
1148 2267 1313 2330 properabant.
1346 2271 1448 2330 cognito
1459 2277 1538 2320 autern
1550 2273 1621 2322 elium

844 2354 875 2403 ab
882 2354 911 2402 iis
922 2357 963 2417 qni
971 2356 1034 2406 intus
1044 2366 1111 2407 erant
1123 2360 1220 2408 introitu
1228 2395 1235 2419 ,
1243 2361 1282 2410 alii
1299 2362 1394 2424 quidem
1404 2362 1491 2412 liberos
1502 2365 1621 2425 rapientes

845 2451 870 2496 et
879 2448 992 2509 conjuges
1003 2454 1057 2511 post
1076 2463 1103 2499 se
1118 2451 1238 2500 trabentes
1253 2466 1308 2500 cum
1328 2453 1419 2502 ululatu
1434 2457 1459 2504 el
1472 2456 1621 2504 exclamatio·

845 2538 915 2588 nibus
928 2540 952 2587 iu
960 2551 1037 2588 arcem
1051 2539 1211 2602 refugiebant:
1224 2543 1261 2590 alli
1273 2556 1329 2592 vern
1341 2545 1395 2593 Tito
1405 2549 1557 2594 occurrentes
1570 2547 1621 2594 sine

846 2631 893 2679 ulla
901 2631 1076 2681 intermissione
1087 2633 1210 2682 cadebant.
1244 2637 1274 2684 El
1285 2639 1401 2697 quotquot
1420 2635 1532 2698 prohibiti
1551 2637 1618 2685 erant

846 2723 976 2784 quominus
992 2723 1015 2772 in
1032 2737 1110 2772 arcem
1120 2737 1146 2772 se
1158 2725 1212 2786 loqu
1224 2726 1366 2788 reciperent,
1377 2741 1425 2789 pre
1437 2728 1529 2776 consilli
1543 2727 1621 2791 inopia

845 2813 1014 2864 delabebantur
1032 2815 1056 2864 in
1067 2818 1227 2865 Rornanorum
1245 2817 1363 2880 praesidia.
1400 2821 1476 2881 alque
1487 2819 1621 2868 creberrimi

846 2909 1009 2969 erautnbiqne
1024 2910 1172 2958 morientium
1183 2910 1298 2972 gemitus,
1311 2925 1339 2960 ac
1348 2925 1417 2960 cruor
1428 2926 1469 2974 per
1488 2913 1539 2962 ioca
1548 2927 1622 2975 prona

847 3004 939 3052 eliusus
957 3004 1041 3052 urbem
1058 3019 1153 3053 omnem
1173 3007 1304 3056 interiorem
1324 3007 1461 3058 inundabat.
1510 3013 1621 3059 Celerum

847 3096 928 3140 contra
937 3105 992 3152 eos,
1003 3094 1043 3154 qui
1057 3108 1134 3142 arcem
1146 3095 1200 3158 luga
1209 3103 1395 3158 occupaverant,
1408 3112 1463 3147 cum
1480 3101 1530 3147 mto
1540 3100 1622 3148 statim

847 3182 949 3230 exercitu
972 3183 1021 3230 ibat
1034 3186 1201 3245 Vespasianus.
1234 3190 1291 3234 Erat
1309 3192 1387 3235 autern
1409 3192 1491 3236 vertex
1513 3190 1622 3252 undique

847 3285 945 3321 saxosus
964 3277 988 3321 et
1004 3285 1100 3322 accessu
1112 3274 1213 3323 difficilis
1219 3309 1227 3335 ,
1244 3274 1268 3324 in
1280 3275 1423 3323 immensum
1439 3277 1529 3338 editus,
1548 3281 1572 3326 et
1592 3293 1620 3326 er

847 3362 911 3411 omni
923 3367 990 3425 parte
1001 3363 1154 3414 multitudine
1173 3364 1330 3426 plenuserat,
1348 3365 1483 3428 praecipillis
1492 3367 1621 3416 circumda-

849 3459 887 3502 tos
903 3468 910 3496 ι
923 3455 986 3506 unde
996 3455 1110 3504 adeuntes
1121 3453 1151 3504 ad
1163 3455 1227 3516 ipsos
1238 3453 1393 3504 conficiebant
1409 3455 1500 3515 turini,
1515 3457 1622 3520 aliosque

849 3547 901 3596 telis
909 3559 937 3596 ac
950 3546 1069 3609 lapidibus
1080 3546 1199 3596 devolutis
1211 3546 1272 3595 male
1281 3545 1441 3608 accipietium,
1451 3545 1479 3594 ad
1490 3547 1554 3608 ipsos
1566 3559 1623 3596 vern

848 3637 945 3697 propter
955 3635 1000 3684 loci
1013 3633 1162 3684 altitudinem
1173 3633 1244 3682 nulla
1263 3632 1424 3694 pertingebant
1437 3633 1536 3694 sagillrs.
1555 3636 1622 3694 ipso·

849 3737 901 3772 rum
912 3729 991 3772 autem
1001 3723 1030 3770 ad
1042 3722 1160 3772 interitum
1170 3721 1284 3771 dirlnitus
1292 3721 1360 3783 plane
1371 3721 1558 3771 immismeritur
1569 3737 1622 3785 pro-

848 3809 915 3870 cella,
925 3823 979 3872 que
989 3812 1148 3858 Romanorum
1158 3807 1253 3870 quidem
1264 3807 1312 3857 tela
1324 3808 1347 3856 in
1358 3807 1505 3868 conterebat,
1516 3808 1622 3871 ipsorum

848 3900 928 3945 autem
940 3897 965 3945 in
977 3895 1100 3958 obliquum
1113 3896 1207 3944 trabeas
1219 3895 1353 3946 allemania
1372 3895 1499 3945 avertebat.
1513 3897 1564 3962 ,Al
1583 3910 1621 3946 ne·

847 3982 1064 4046 qneiupraruptis
1075 3982 1204 4032 consistere
1221 3981 1330 4032 edebant
1352 3984 1447 4045 propter
1467 3986 1531 4034 venti
1554 3984 1623 4034 velte·

848 4072 974 4129 monam,
987 4075 1013 4118 ut
1025 4069 1066 4133 qui
1078 4069 1136 4118 nibil
1153 4069 1237 4119 stabile
1247 4069 1372 4127 baberent,
1389 4083 1466 4132 neque
1475 4069 1504 4120 ad
1515 4084 1541 4120 se
1552 4083 1621 4120 acce·

847 4158 931 4207 denas
938 4158 1079 4220 prospicere.
1099 4156 1199 4207 Romani
1211 4160 1291 4206 autem
1300 4156 1445 4215 ascendunt,
1456 4171 1577 4220 quumque
1588 4158 1623 4206 eis

849 4251 925 4294 semet
939 4243 1163 4304 circumdedissent,
1177 4243 1236 4292 alins
1256 4241 1352 4304 quidem
1376 4247 1546 4305 repugnantes,
1563 4243 1623 4292 alios

849 4346 906 4382 vern
913 4339 988 4382 seruet
996 4331 1108 4382 dedentes
1117 4329 1299 4392 praeveniebant.
1316 4329 1365 4378 lilia
1375 4342 1431 4378 vero
1440 4329 1464 4377 in
1475 4340 1557 4376 omnes
1564 4327 1622 4376 iram

849 4419 985 4468 intendebat
998 4410 1127 4467 recordatio
1138 4415 1232 4464 illorum
1240 4415 1281 4477 qui
1291 4416 1365 4476 prima
1375 4415 1398 4462 in
1406 4413 1561 4476 impressione
1571 4427 1622 4474 per·

849 4509 936 4556 ierant.
979 4508 1033 4562 Quo
1044 4503 1134 4552 lactum
1155 4505 1182 4552 nt
1193 4501 1262 4551 multi
1274 4502 1375 4550 salmem
1387 4500 1540 4562 desperantes
1560 4499 1623 4550 lilius

849 4599 874 4644 ct
890 4593 999 4654 conjuges
1018 4590 1120 4652 amplexi
1138 4590 1277 4650 semetipsos
1297 4587 1424 4636 invallem
1443 4586 1623 4648 praecipitandi,

849 4680 977 4742 queejutta
985 4691 1062 4726 arcem
1074 4677 1098 4725 in
1105 4677 1247 4726 immensum
1258 4674 1361 4722 sullossa
1372 4677 1429 4724 erat.
1448 4673 1534 4722 livenit
1542 4676 1622 4725 ευθειει

850 4770 878 4818 nt
888 4768 994 4829 ipsorum
1005 4765 1029 4814 in
1038 4764 1114 4826 sequi
1125 4763 1186 4824 capti
1199 4763 1290 4811 inerant
1308 4760 1454 4810 immauitnte
1466 4760 1541 4810 lenior
1549 4774 1622 4825 appa·

850 4859 912 4906 reret
923 4857 1084 4903 Romanorum
1106 4849 1235 4900 iracundia.
1268 4848 1304 4897 ab
1321 4847 1358 4896 tris
1373 4848 1436 4896 enim
1455 4854 1538 4910 quater
1556 4851 1621 4900 mille

850 4941 963 5005 perempti
974 4945 1049 4999 erant,
1055 4938 1181 5000 quinquies
1191 4949 1246 4986 uero
1253 4935 1318 4986 mille
1328 4940 1353 4986 ct
1363 4935 1466 4998 amplius
1476 4938 1561 4999 reperti
1576 4939 1617 5000 qul

850 5043 902 5080 scae
924 5027 1057 5090 precipites
1073 5024 1189 5075 dederunt
1201 5037 1208 5072 :
1219 5037 1288 5072 nemo
1299 5027 1379 5072 autem
1397 5031 1481 5086 prater
1496 5025 1556 5074 duas
1570 5037 1622 5072 mrs-

850 5117 919 5166 lieres
933 5115 1054 5164 interitum
1065 5112 1157 5173 effulgit.
1190 5113 1268 5174 atque
1282 5110 1329 5160 illm
1344 5111 1444 5173 Pbilippr'
1460 5112 1546 5160 sororis
1565 5109 1620 5157 tiliae

850 5211 929 5263 erant,
943 5204 992 5264 ipse
1009 5215 1063 5252 telo
1084 5199 1205 5263 Phiiippus
1217 5199 1301 5250 laciori
1313 5199 1435 5260 cujrrsdam
1445 5234 1452 5256 ,
1464 5198 1506 5244 riri
1521 5194 1617 5256 nobllis,
