3825 6059
15 458 16 463 ‘
59 440 191 520 omino.)

60 575 112 641 ιξιν
124 570 280 649 κινούμενοι,
294 569 387 650 ῥαδίως
397 568 529 628 ἁλώσεσθε
540 569 658 650 καθάπερ
674 573 698 628 οἰ
710 567 829 646 πρόγονοι

61 661 227 740 «Πομπηίῳ,
253 657 351 724 ταύτας
374 658 489 734 μάλιστα
514 657 560 724 τὰς
587 655 686 738 ἡμέρας
714 655 831 736 ἐνεργοῦς

61 779 70 801 ι
84 747 249 828 ποιησαμένῳ
262 751 309 817 τῆς
320 743 470 825 πολιορκίας
483 747 509 802 ἰν
527 735 568 811 αἷς
579 745 674 824 ήργουν
688 748 711 803 οἰ
723 746 830 824 πολιορ-

61 865 71 888 r
83 836 205 912 κούμενσι.
250 831 462 912 Παραδαίνοντες
472 832 499 891 δὲ
512 835 539 889 ἰν
553 837 591 908 τῷ
603 831 713 913 πολέμῳ
724 831 768 890 rto
779 831 831 888 ποί·

41 947 143 1002 ιιτρων
156 923 248 999 νόμον,
261 922 308 980 oda
324 911 381 979 οἰδα
395 919 460 999 ὑπὲρ
478 921 537 978 ὅπου
548 921 579 978 τὸ
592 921 680 978 λοιπὸν
693 919 831 990 ποιήσεσθε

62 1039 73 1064 ι
84 1013 121 1070 τὸν
132 1013 229 1088 ἀγῶνα.
243 1008 350 1078 Σπουδή
361 1006 413 1087 γίιρ
424 1011 485 1082 ὑμῖν
498 1008 555 1082 μία,
565 1007 594 1065 τὸ
604 1006 642 1083 μή
652 1011 703 1065 τῶν
714 1006 831 1084 πατρίων

64 1123 106 1155 ιιι
122 1099 279 1155 καταλῦσαι.
334 1098 396 1161 Πιῦς
416 1093 443 1152 δί
464 1092 649 1152 ἐπικαλέσεσθε
665 1094 694 1151 τὸ
708 1095 773 1150 θεῖον
795 1096 831 1158 εἰς

65 1187 191 1261 ιᾶμυναν,
211 1187 236 1242 οἰ
256 1181 460 1261 παραύαίνοντες
481 1180 603 1248 ἑκουσίους
624 1180 671 1253 τήν
697 1183 732 1246 εἰς
754 1179 831 1239 atriu

64 1304 74 1325 ι
88 1274 234 1353 θεραπείαν;
243 1271 463 1350 Ἐπαναιροῦνται
473 1269 500 1327 δί
511 1268 763 1346 ἕκαστοιπόλτμονῆ
777 1267 832 1348 θείῳ

35 1381 54 1417 ιι
65 1391 75 1414 ι
87 1360 234 1426 πεποιθότες
244 1358 262 1429 ἢ
271 1358 419 1438 ἀνθρωπίνῃ
431 1357 546 1440 βοηθείᾳ.
568 1354 655 1418 Ὅταν
665 1357 693 1417 δὲ
708 1356 755 1428 τὴν
768 1358 831 1437 παρ’

65 1449 175 1525 νίμροῖν
190 1446 221 1503 τὸ
231 1449 314 1510 νεῖκος
328 1439 599 1527 ἀποκύπτη,’ρανερδιν
612 1448 708 1504 ἅλωσιν
722 1448 745 1504 οἰ
754 1447 832 1503 πολε·

65 1565 75 1586 ι
87 1541 188 1608 μοῦντες
201 1534 343 1612 αἱροῦνται.
376 1533 412 1592 Τί
423 1533 450 1591 δί
465 1535 560 1593 κωλύει
575 1538 631 1600 ταῖς
645 1536 743 1592 ἑαυτῶν
755 1531 830 1612 χερσὶ

15 1660 16 1683 3
66 1621 273 1700 ιδιαχρήσασθαι
287 1617 366 1678 τίκνα
380 1621 426 1679 καί
439 1623 576 1698 γυναῖκας,
587 1621 632 1680 καί
643 1620 691 1692 τήν
705 1621 833 1699 περικαλ-

15 1702 16 1705 *
67 1708 211 1778 ιλεστότην
224 1707 339 1787 πατρίδα
350 1706 448 1779 ταύτην
462 1707 636 1788 καταρλίξαις
647 1707 769 1783 μανέντες
783 1705 834 1785 γὰρ

39 1811 56 1846 ¹³
67 1825 76 1847 ι
86 1796 148 1854 ούτυι
161 1797 192 1854 τό
203 1819 234 1872 γε
251 1801 297 1864 τῆς
307 1795 387 1866 ἥττης
400 1795 497 1862 όνιιδας
510 1796 658 1876 κερδήσετε.
701 1795 800 1866 Καλὸν,
813 1784 835 1852 ὦ

68 1885 170 1964 «quor,
184 1883 275 1955 καλὸν,
287 1882 335 1949 ἔως
348 1882 387 1941 ἔτι
409 1885 436 1940 ἰν
451 1882 524 1963 ὅρμῳ
544 1883 574 1941 rb
594 1883 707 1964 σκάρος,
721 1882 834 1962 προσκί·

68 1978 198 2030 ιπτεσθαι
215 1970 259 2028 τὸν
277 1970 405 2044 μέλλοντα
415 1975 542 2050 χειμῶνα,
556 1971 622 2047 μηδὲ
643 1973 678 2036 εἰς
689 1969 772 2046 μέσας
786 1970 831 2035 τίις

68 2060 192 2125 ιθυὲλλας
206 2057 396 2132 ἀπολουμένους
410 2061 570 2137 ἀναχθῆναι·
593 2060 661 2134 (τοῖς
679 2058 726 2135 μὲν
741 2057 792 2138 γίιρ
809 2057 835 2124 ἐξ

69 2174 79 2198 ι
91 2147 188 2215 ἀδήλων
200 2147 448 2211 ἐπιπεσοῦσιδεινοῑς
458 2147 488 2204 τὸ
495 2151 555 2222 γοῦν
562 2147 688 2204 ἐλεεῖσθαι
696 2146 835 2224 περίεστιν,

41 2251 80 2287 m«
91 2238 103 2290 δ
115 2233 141 2290 δὲ
153 2235 188 2298 εἷς
203 2231 333 2312 πρόδηλον
349 2231 480 2290 ἀπώλειαν
492 2232 609 2311 ὁρμήσας
620 2233 665 2291 καί
679 2232 836 2312 προσονειδί·

71 2322 185 2394 cistae]
205 2318 276 2392 πλὴν
288 2321 311 2377 εἰ
328 2319 366 2396 μή
377 2343 415 2385 τις
429 2319 608 2395 ὑπολαμύσίνει
626 2318 694 2379 κατὰ
710 2320 837 2390 συνθήκας

71 2407 255 2485 ιπυλεμήσειν,
277 2407 322 2466 καί
337 2406 484 2484 Ῥωμαίους
498 2406 679 2486 κρατήσαντας
692 2412 765 2484 ὑμῶν
783 2431 837 2482 με-

71 2497 207 2575 ιτρισίσειν,
223 2497 282 2552 ἀλλ’
299 2499 346 2552 οὐκ
362 2497 397 2561 εἰς
419 2493 563 2570 ὑπόδειγμα
584 2499 637 2552 τῶν
656 2495 743 2553 ἄλλοιν
759 2497 837 2552 ἐθνῶν

72 2583 255 2665 ικαταρλίξειν
272 2581 320 2658 μίν
334 2582 381 2652 τὴν
392 2580 464 2662 ἰερδιν
478 2582 570 2659 πόλιν,
582 2584 730 2662 ἀναιρήσειν
746 2582 774 2642 δὲ
785 2593 837 2641 πᾶν

42 2675 157 2748 σταθμῶν
175 2672 205 2729 τὸ
229 2675 319 2750 ρῦλον.
370 2671 441 2730 otti
462 2668 514 2751 γθιρ
535 2671 739 2754 περιλειῳθέντες
756 2676 839 2752 φυγῆς

72 2787 81 2810 ι
95 2761 211 2839 εὑρήσετε
223 2759 311 2830 τόπον,
324 2758 447 2817 ἁπάντων
458 2757 569 2836 ἐχόντων
584 2758 732 2834 Ῥωμαίους
744 2759 839 2816 δισπύ·

73 2874 82 2896 ι
94 2845 159 2916 ταςή
172 2845 324 2904 δεδοικότων
336 2847 417 2923 σχεῖν.
439 2845 473 2904 Ὁ
484 2845 511 2903 δί
521 2848 635 2912 κίνδυνος
645 2849 674 2905 ού
686 2851 737 2904 τῶν
752 2844 840 2903 ἐνθάδε

73 2934 175 3007 ιμύνον,
192 2931 262 2990 ἀλλὰ
275 2932 320 2989 καί
335 2937 385 2990 τῶν
405 2930 475 2990 κατδι
489 2931 535 2999 τὰς
554 2933 635 2998 ἄλλας
650 2933 737 3000 πόλεις
750 2956 839 2992 κατοι-

74 3021 212 3079 ικούντων·
230 3023 260 3078 od
274 3021 324 3098 γάρ
345 3022 413 3077 ἐστιν
428 3020 472 3077 ἐπὶ
491 3025 538 3091 τῆς
557 3020 707 3095 οἰκουμένης
730 3024 810 3095 δῆμος
827 3024 841 3078 θ

42 3127 63 3162 m
73 3137 83 3156 ι
93 3108 127 3182 μή
140 3113 232 3188 μοῖραν
245 3106 372 3186 ὑμετέραν
392 3106 469 3185 ἔχων.
512 3107 566 3174 Oba
586 3107 703 3174 ἅπαντας
722 3111 840 3184 πολεμη·

74 3196 190 3253 ισίντων
211 3199 285 3271 ὑμῶν
310 3194 519 3275 κατασφάξουσιν
542 3199 566 3254 οἰ
591 3197 725 3274 δισίροροι,
746 3197 791 3252 καί
809 3197 841 3253 δι’

76 3374 169 3438 ιπολις
191 3371 336 3430 Ἰουδαϊκοῦ
357 3369 445 3450 φόνου.
488 3371 543 3432 Καὶ
561 3370 701 3450 συγγνώμη
725 3372 772 3447 μὲν
791 3372 844 3438 τοῖς

15 3474 16 3479 ’
75 3464 165 3517 ιτσῦτο
179 3457 323 3537 πράξασιν·
347 3457 378 3515 ἂν
394 3456 421 3516 δὲ
436 3457 473 3535 μή
494 3464 615 3543 πραχθῇ,
638 3459 776 3537 λογίσασθε
789 3463 844 3525 πῶς

43 3561 64 3597 23
74 3573 85 3595 ι
96 3546 155 3623 πρὸς
168 3546 236 3603 σῦτω
250 3545 446 3626 φιλανθρώπους
456 3545 524 3604 όπλα
536 3555 615 3604 κινεῖν
628 3547 739 3605 ἀνόσιον.
756 3549 846 3606 Εἰσελ-

74 3661 84 3683 ·
98 3634 160 3691 θέτω
172 3632 199 3692 δὲ
209 3623 293 3698 οἶκτος
306 3637 387 3710 ὑμᾶς,
400 3633 469 3710 εἰμὴ
483 3634 528 3692 καλ
542 3633 638 3692 τέκνων
648 3634 694 3692 καί
705 3636 844 3711 γυναικῶν,

74 3721 161 3778 «ἀλλὰ
182 3725 228 3791 τῆς
241 3744 271 3798 γε
295 3719 478 3799 μητροπόλεως
501 3720 596 3794 ταύτης
619 3722 665 3780 καί
691 3727 743 3780 τῶν
768 3726 845 3802 ἱερῶν

75 3834 85 3856 τ
98 3809 250 3886 περιύόλων.
294 3807 426 3868 Φείσασθι
445 3815 488 3866 τσῦ
502 3812 588 3888 ἱεροῦ,
600 3808 699 3868 καὶτὸν
710 3810 771 3867 ναὸν
782 3814 846 3868 ἑαυ-

75 3898 146 3960 «rote
164 3895 231 3974 μετᾶ
254 3897 306 3952 τῶν
332 3897 413 3972 ἁγίων
437 3895 579 3977 τηρήσατε.
631 3897 779 3976 Ἀφίξονται
796 3896 846 3976 γδρ

45 4005 66 4040 ιν
76 4010 87 4033 ι
97 3983 180 4040 οὐκέτι
194 3983 325 4059 Ῥωμαῖοι
342 3981 441 4048 τούτοιν
459 3985 650 4066 κρατήσαντες,
661 3977 697 4043 ὧν
721 3984 846 4065 ρεισάμε·

75 4093 134 4127 ινοι
156 4069 281 4150 πρύτερον
301 4071 503 4151 ἠχαρίστηνται.
551 4072 728 4152 Μαρτύρομαι
750 4073 777 4131 δὲ
798 4073 849 4148 ἐγὼ

14 4182 16 4232 γ
76 4184 86 4206 ι
99 4154 143 4229 μὲν
155 4181 228 4234 υμων
237 4157 272 4215 τδι
284 4158 357 4236 ἅγια,
371 4159 481 4226 καὶτοὺς
492 4159 573 4239 ἱεροὺς
581 4160 704 4236 ἀγγέλους
714 4165 760 4218 τοῦ
770 4166 849 4232 Θεοῦ,

76 4272 85 4292 ι
97 4244 140 4301 καλ
151 4245 266 4325 πατρίδα
281 4245 329 4318 τήν
343 4246 440 4318 κοινήν,
451 4253 485 4314 ὡς
495 4246 567 4306 οὐδὲν
579 4252 629 4305 τῶν
643 4248 778 4327 σωτηρίων
788 4254 849 4327 ὑμῖν

77 4334 297 4408 ικσθυρηκσίμην.
353 4335 444 4411 Ὑμεῖς
458 4329 501 4408 δὲ,
528 4336 728 4413 βουλευσόμενοι
747 4336 794 4413 μὲν
816 4339 850 4396 τὰ

47 4435 66 4472 ιι
78 4445 88 4468 ι
102 4419 199 4492 δέοντα,
212 4421 301 4496 κοινὴν
311 4421 358 4479 σὺν
370 4423 427 4498 ἐμοὶ
437 4422 485 4494 τήν
494 4423 598 4502 εἰρήνην
613 4423 692 4500 ἕξετε,
706 4425 849 4505 προαχθέν-

78 4531 87 4551 ·
101 4530 140 4572 τις
152 4509 181 4566 δὲ
197 4517 250 4575 τοῖς
262 4515 353 4585 θυμοῖς
365 4511 445 4589 χειρίς
462 4514 525 4587 ἐμοῦ
537 4511 726 4571 κινδυνεύσετε.
739 4541 751 4564 ν

111 4595 140 4653 ε’.
162 4598 286 4655 Τοσαῦτα
296 4596 386 4667 εἰπών,
405 4597 564 4678 ἐπεδάκρυσί
586 4622 616 4656 τε
630 4597 697 4674 μετλ
710 4605 756 4668 τῆς
775 4601 850 4656 οἰδελ·

78 4687 121 4759 γῆς
135 4683 220 4741 καὶτὸ
231 4683 298 4741 πολὺ
313 4688 359 4755 τῆς
377 4689 458 4764 ὁρμῆς
472 4689 557 4744 αὐτῶν
577 4685 674 4744 ἔπαυσε
691 4695 742 4752 τοῖς
756 4687 850 4765 διίκρυ-

78 4791 122 4826 σιν.
163 4770 288 4830 Ἀνεὸόων
304 4771 331 4829 δὲ
351 4777 380 4830 ού
393 4773 550 4848 Ῥωμαίοις,
565 4773 632 4832 diii
654 4773 775 4853 Φλώρῳ,
790 4773 852 4831 δι’ἃ

49 4873 68 4904 νυ
79 4857 230 4926 πεπόνθασι,
239 4862 370 4936 πολεμεῖν.
413 4861 483 4940 Upi<
493 4867 575 4918 ταῦτα
586 4865 599 4918 δ
612 4859 732 4939 βασιλεὺς
746 4860 852 4939 Ἀγρίπ·

79 4964 138 5014 τις,
153 4971 166 4994 ι
177 4943 246 5002 ἀλλὰ
264 4944 298 5004 τὰ
320 4946 398 5027 ἔργα,
412 4948 475 5027 ἔρη,
491 4947 631 5023 Ῥωμαίοις
651 4948 701 5018 ήδη
713 4946 854 5024 πολεμούν-

15 5052 16 5057 ’
81 5054 151 5087 ιτων
176 5033 256 5091 ἐστίν·
281 5032 339 5092 οὕτε
368 5036 419 5114 γὰρ
444 5039 481 5113 τῷ
508 5034 625 5114 Καίσαρι
648 5034 778 5092 δεδώκατε
808 5036 852 5095 τὸν

83 5147 91 5164 ·
108 5120 185 5196 ’μόρον
197 5122 241 5178 καί
252 5120 299 5187 τὰς
312 5123 386 5188 στοὰς
398 5121 600 5202 ἀπεκόρατετῆς
612 5122 756 5188 Ἀντωνίας.
771 5123 851 5182 Ἀπο-

83 5207 275 5267 «σκευαίσαισθε
293 5209 316 5266 δ’
339 5209 371 5268 διν
391 5210 438 5280 τήν
460 5209 544 5270 αἰτίαν
559 5215 606 5281 τῆς
627 5210 810 5283 ἀποστάσεως,
832 5215 854 5270 εἰ

508 439 560 499 na
582 438 803 498 asbiorno.
826 437 899 496 crs.
923 409 964 494 us
981 433 1065 494 cur.
1089 433 1168 492 xri.

1429 435 1555 513 [tropon]
1600 446 1651 496 tit

875 593 887 615 α
901 571 974 622 vestri
985 571 1096 634 Pompeio
1111 574 1247 630 receerunt,
1261 571 1290 620 iis
1305 571 1425 634 praecipue
1435 571 1520 622 diebus
1534 579 1655 628 strenuom

876 681 888 704 ε
899 663 1015 711 obsidioni
1023 673 1119 724 operum
1132 661 1245 722 parasiti,
1257 661 1346 723 quibus
1355 662 1430 710 otium
1442 661 1543 724 agebant
1553 663 1655 712 obsessi.

877 771 889 794 α
903 751 1112 810 Transgrediemes
1123 755 1203 800 autern
1215 750 1311 800 iubetio
1322 751 1396 812 tegern
1408 752 1521 813 patriam,
1531 751 1588 814 quid
1601 752 1653 801 reii-

877 859 889 882 ι
900 840 977 901 quisti
996 853 1095 901 proquo
1112 840 1135 886 in
1149 841 1268 888 mrtdmeo
1281 839 1380 888 venietis
1396 841 1464 901 piam
1475 841 1564 890 nescio.
1598 841 1659 890 iiuio

878 948 891 972 ε
904 929 1014 978 uuicuim
1020 941 1161 991 magnopere
1168 929 1312 978 studendum
1320 935 1356 978 est
1365 929 1446 989 robis,
1455 931 1548 992 nequid
1558 932 1661 996 patrium

883 1040 894 1062 a
906 1019 1051 1069 dissolutum
1063 1019 1091 1067 iri
1100 1019 1190 1068 simiis.
1224 1019 1264 1069 siu
1277 1032 1331 1068 vero
1340 1025 1424 1080 spouto
1434 1033 1448 1068 a
1459 1019 1497 1070 dei
1509 1021 1661 1072 observantia

881 1129 893 1151 ι
904 1109 1055 1168 abstineatis,
1066 1123 1113 1171 qua
1126 1109 1211 1157 fiducia
1222 1109 1285 1158 titius
1304 1121 1373 1171 opem
1386 1110 1557 1171 iruptorabitis?
1568 1111 1660 1173 Singuli

881 1219 892 1241 r
907 1205 987 1253 antem
1004 1199 1093 1250 beiimu
1113 1199 1260 1261 srrscipiunt,
1277 1204 1319 1247 aut
1336 1198 1418 1247 diuino
1434 1201 1487 1249 trctr
1499 1202 1601 1261 auritio,
1621 1206 1665 1250 aut

879 1310 891 1333 a
902 1291 1014 1340 trumauo.
1031 1295 1112 1349 Quum
1121 1296 1201 1339 aritem
1213 1291 1340 1353 utrumque
1351 1290 1418 1338 robis
1428 1291 1663 1352 proeciderttcooteu·

882 1400 893 1422 ι
906 1380 953 1438 tio,
965 1393 1012 1429 υοιι
1024 1379 1125 1429 dubium
1140 1382 1177 1428 est
1188 1381 1246 1441 quin
1262 1392 1303 1428 ros
1315 1379 1338 1428 io
1353 1382 1494 1442 potestatem
1513 1394 1580 1430 suam
1596 1381 1663 1430 rado·

881 1489 893 1510 ι
908 1469 970 1518 uiuri
982 1469 1029 1518 sint
1042 1471 1131 1518 hostes.
1150 1469 1214 1528 Quid
1227 1475 1307 1518 autem
1320 1471 1428 1532 probibet
1441 1472 1541 1534 propriis
1551 1471 1663 1520 inopibus

880 1577 893 1602 ι
904 1558 1105 1621 iiberosjuguiare
1116 1564 1140 1608 et
1152 1559 1274 1621 conjuges,
1292 1565 1316 1608 et
1337 1560 1436 1621 patriam
1456 1562 1516 1609 trano
1532 1561 1662 1623 putcherri-

881 1668 893 1692 ε
906 1629 970 1698 ruam
981 1650 1029 1711 igni
1038 1653 1150 1699 vastare?
1161 1649 1193 1698 ita
1201 1652 1263 1698 errim
1274 1649 1378 1699 inientes
1388 1650 1538 1700 incritacietis
1546 1653 1665 1700 uictorum

881 1758 893 1780 ν
907 1739 1071 1802 opprobrium.
1082 1741 1174 1790 Beuum
1184 1743 1255 1799 est,o
1268 1739 1352 1799 amici,
1363 1739 1451 1788 bourun
1461 1745 1507 1796 est⁸
1515 1741 1573 1790 duro
1584 1741 1664 1791 adbuc

881 1846 893 1870 ι
904 1829 929 1877 in
944 1833 1015 1892 portu
1027 1827 1094 1878 uaris
1103 1835 1152 1889 est,
1164 1830 1267 1878 intutam
1278 1829 1410 1892 previdere
1425 1834 1607 1893 tempestatem,
1619 1845 1662 1882 ne·

882 1917 987 1980 «queiu
1003 1917 1092 1966 trinitas
1104 1918 1218 1980 procellas
1232 1919 1349 1980 perituros
1360 1919 1463 1968 derebi:
1479 1920 1549 1980 (uam
1566 1921 1598 1970 itii
1611 1921 1667 1984 qni-

882 2008 1013 2070 ademqui
1031 2009 1054 2057 iu
1071 2010 1201 2072 improuisa
1215 2011 1278 2059 maia
1295 2010 1404 2061 incidunt
1423 2010 1489 2073 digni
1506 2015 1563 2061 sunt
1578 2013 1665 2074 quibus

885 2098 1071 2148 «misericordia
1083 2100 1238 2160 adiribeatnr3
1252 2100 1293 2162 qui
1306 2101 1397 2149 veroin
1414 2106 1522 2162 apertum
1537 2101 1666 2152 discrimen

883 2206 895 2230 ν
905 2201 931 2237 se
940 2187 1049 2248 conjicit,
1059 2189 1185 2250 opprobrio
1194 2189 1266 2238 etiam
1275 2189 1392 2252 adicitur)
1402 2204 1408 2238 :
1417 2190 1462 2238 nisi
1472 2190 1525 2252 quta
1534 2169 1666 2240 existimari

883 2297 895 2319 ο
908 2277 966 2326 vetit
976 2291 1005 2326 err
1016 2281 1085 2340 pacto
1096 2279 1184 2328 betium
1194 2279 1323 2340 gerendum
1334 2291 1403 2340 esse,
1416 2280 1568 2342 victoresque
1578 2282 1666 2329 itoma-

884 2387 896 2410 ε
909 2381 954 2417 σοι
969 2367 1090 2418 moderate
1102 2369 1225 2418 vobiscum
1239 2373 1342 2430 acturos,
1360 2374 1385 2418 et
1397 2383 1443 2419 non
1459 2371 1482 2418 iu
1495 2370 1664 2420 documentum

885 2476 897 2499 ε
910 2457 1010 2506 aiiarnm
1020 2459 1125 2519 gentium
1135 2471 1226 2507 sacram
1237 2459 1320 2508 urbem
1334 2458 1524 2508 iuitummatnros
1541 2473 1609 2519 esse,
1621 2473 1664 2522 ge·

884 2565 898 2588 ο
909 2560 1002 2608 uosque
1014 2549 1119 2596 vestrum
1143 2547 1280 2596 uuiversum
1297 2548 1471 2597 interfecturos.
1492 2549 1667 2612 Nequedum,

886 2656 898 2679 a
912 2637 932 2684 ai
943 2637 1121 2702 superfueritis,
1134 2638 1214 2686 iocum
1227 2638 1288 2702 iuges
1307 2651 1408 2702 nsquam
1420 2639 1556 2700 invenietis,
1574 2640 1668 2690 cunctis

885 2746 898 2768 a
910 2731 952 2775 aut
973 2727 1266 2789 Romanoadomiuosjam
1280 2705 1436 2790 habentibus,
1454 2733 1497 2777 aut
1516 2741 1545 2778 ne
1562 2729 1666 2779 babituri

887 2837 899 2860 a
910 2817 957 2864 siut
969 2817 1139 2866 metuentibus.
1174 2817 1309 2867 Periculum
1320 2821 1399 2868 autem
1412 2831 1458 2867 non
1473 2819 1551 2868 aoinrn
1566 2831 1608 2868 vos
1621 2833 1665 2868 rna·

886 2927 899 2948 ι
910 2904 989 2968 nebit,
1006 2906 1047 2955 sed
1058 2911 1082 2956 et
1090 2913 1209 2970 quotquot
1221 2908 1245 2956 iu
1257 2908 1309 2957 aitis
1318 2907 1439 2958 domicilia
1450 2907 1554 2958 trabeant
1570 2911 1660 2960 civitati

887 3016 899 3038 e
911 2996 957 3045 bus
967 3011 972 3043 :
983 3010 1029 3045 non
1040 2998 1101 3045 euim
1112 2997 1135 3047 in
1147 3003 1195 3046 toto
1204 3002 1322 3048 terrarum
1332 2999 1390 3048 orbe
1403 3001 1505 3062 populus
1515 3005 1564 3060 est,
1572 3001 1612 3050 nbi
1623 3015 1669 3050 nou

887 3105 899 3128 r
913 3087 985 3134 vestri
996 3087 1073 3148 portio
1084 3088 1123 3136 sit.
1158 3091 1224 3144 Quos
1231 3093 1295 3138 certe
1306 3101 1390 3138 omnes
1402 3095 1506 3138 vestram
1513 3091 1545 3138 ob
1555 3089 1666 3140 deiectio·

889 3196 901 3217 a
913 3188 967 3222 ucru
979 3176 1120 3236 jugntabuut
1134 3176 1221 3224 inimici
1230 3211 1237 3235 ,
1247 3179 1271 3225 et
1279 3177 1310 3224 ob
1324 3191 1394 3238 prrara
1403 3191 1531 3240 pancorum
1542 3180 1670 3229 bominum

890 3285 901 3307 a
914 3265 1013 3313 consilia
1025 3265 1081 3313 urbs
1094 3278 1197 3326 quaeque
1208 3267 1320 3326 sunguine
1332 3266 1432 3316 iudaice
1445 3268 1595 3317 rednudubit.
1619 3273 1657 3319 itta

890 3374 901 3396 ιι
913 3358 954 3401 net
964 3359 1044 3402 autem
1055 3354 1122 3402 reuia
1130 3355 1220 3415 eosqui
1230 3355 1285 3404 tatio
1295 3357 1440 3417 patraverint
1449 3377 1454 3406 ι
1462 3359 1497 3406 siu
1507 3370 1670 3408 ueroeaexse·

890 3444 945 3506 aqui
954 3443 1144 3506 supersederint,
1163 3445 1287 3494 vobiscum
1306 3449 1414 3507 reputate
1429 3459 1502 3508 quam
1520 3447 1621 3510 impium
1638 3449 1670 3499 sit

890 3557 902 3578 a
915 3534 1029 3584 adsersus
1041 3537 1089 3583 tam
1104 3535 1217 3596 benignos
1224 3548 1289 3583 arma
1301 3548 1407 3586 movere.
1440 3537 1529 3588 suberit
1539 3543 1671 3588 antemius

891 3645 902 3668 ιι
916 3626 1050 3686 miseratio,
1070 3625 1090 3675 si
1106 3640 1153 3674 nou
1165 3626 1291 3675 liberorum
1303 3630 1328 3676 et
1340 3628 1486 3688 conjugum,
1505 3628 1575 3689 trujus
1586 3630 1671 3678 saitem

892 3736 904 3758 α
915 3717 998 3764 matris
1010 3716 1105 3764 urbium
1115 3753 1122 3777 ,
1132 3720 1156 3765 et
1165 3717 1227 3766 seori
1236 3716 1348 3766 ambitus.
1368 3717 1459 3769 Parcite
1468 3717 1533 3780 tarro,
1543 3719 1672 3782 aeoemque

893 3825 906 3851 a
919 3807 1039 3856 vobismet
1058 3821 1113 3856 cum
1134 3807 1222 3856 sanctis
1240 3813 1341 3857 servate.
1386 3812 1468 3871 Neque
1483 3811 1546 3858 euim
1572 3811 1673 3860 ulterius

893 3915 904 3937 ν
918 3897 1019 3944 victores
1030 3897 1130 3945 tiomaui
1149 3896 1196 3946 itiis
1208 3909 1292 3946 rnanns
1310 3897 1477 3958 abstinebunt,
1490 3900 1580 3961 quibus
1599 3913 1672 3962 quruu

895 4005 907 4026 ι
923 3991 994 4034 antea
1015 3987 1187 4048 pepercissent,
1208 3986 1296 4035 unitam
1318 3993 1460 4048 occeperunt
1478 3991 1584 4050 gratiam.
1622 3994 1673 4052 Qu

895 4095 906 4118 «ι
921 4091 976 4124 uero
986 4081 1060 4126 testor
1070 4081 1152 4126 sancta
1163 4079 1256 4138 vestra,
1268 4080 1294 4126 ot
1302 4091 1382 4127 meros
1392 4079 1434 4129 Dei
1442 4081 1549 4141 rogetus,
1563 4081 1672 4142 patriam·

897 4187 907 4209 ι
919 4181 967 4229 qno
976 4180 1135 4227 communem,
1147 4167 1212 4230 quod
1220 4167 1277 4217 uibit
1288 4181 1385 4228 eorum,
1396 4182 1449 4231 qnae
1459 4175 1562 4218 vestram
1575 4173 1603 4218 ad
1612 4171 1673 4219 satu·

896 4278 907 4300 ε
921 4264 968 4307 teni
982 4263 1102 4320 spectant,
1120 4258 1322 4320 praetermiserim,
1356 4263 1434 4322 Atque
1452 4273 1508 4319 ros,
1530 4259 1549 4307 si
1573 4259 1673 4321 quidem

896 4366 908 4387 ε
918 4347 1048 4395 statueritis
1057 4360 1111 4407 quaa
1122 4345 1172 4394 deri
1187 4351 1294 4408 oportet,
1307 4359 1400 4395 mecum
1417 4346 1442 4394 in
1452 4358 1508 4409 pace
1518 4345 1608 4405 degetis
1619 4363 1626 4408 ;
1637 4347 1672 4396 siu

896 4452 907 4474 «ι
920 4448 976 4481 reru
994 4435 1017 4480 in
1036 4433 1082 4480 iras
1099 4432 1246 4493 procedatiS,
1262 4433 1334 4482 etiam
1353 4433 1404 4481 siue
1421 4447 1458 4480 rue
1472 4432 1609 4495 pericutum
1626 4433 1671 4482 adi·

896 4541 908 4561 u
922 4521 1006 4570 bitis.»

928 4615 948 4655 5.
967 4612 1048 4664 Quum
1060 4607 1104 4656 ista
1118 4608 1230 4669 (inisset,
1240 4607 1349 4656 lacrimas
1357 4605 1453 4665 effudit,
1467 4605 1595 4668 itidemque
1610 4621 1676 4658 somr

895 4695 963 4754 ojus,
974 4701 1046 4755 atquo
1064 4698 1087 4742 et
1106 4696 1208 4757 impetus
1218 4695 1312 4743 iliorum
1332 4693 1459 4755 mugua'er
1474 4699 1539 4756 parre
1547 4698 1669 4758 repressit.

896 4781 1035 4831 Ciamobaut
1053 4787 1189 4830 autemnon
1206 4795 1232 4831 sc
1243 4781 1359 4832 adversus
1379 4784 1511 4841 Romanos,
1531 4783 1573 4832 scd
1589 4788 1675 4833 contra

896 4872 1006 4932 Florum,
1017 4871 1048 4919 ob
1057 4883 1084 4918 ea
1095 4884 1150 4931 quaa
1166 4869 1328 4931 pertulissent,
1345 4869 1432 4918 tretium
1442 4883 1531 4932 gerere.
1563 4873 1671 4934 Respon-

897 4959 932 5006 dit
951 4973 991 5006 res
1014 4959 1130 5020 Agrippa,
1153 4977 1165 5002 a
1183 4971 1265 5006 verum
1283 4957 1342 5006 tacta
1359 4960 1437 5007 restra
1455 4959 1503 5020 iam
1521 4963 1576 5007 suut
1593 4971 1675 5006 eorum

899 5047 964 5106 aqui
984 5051 1067 5094 contra
1091 5049 1210 5094 Romanos
1236 5050 1341 5108 puguant
1368 5065 1374 5096 ι
1398 5059 1474 5107 neque
1502 5047 1564 5094 euim
1587 5045 1675 5093 conari

900 5154 911 5174 ι
926 5133 1024 5194 vectigal
1039 5133 1159 5195 solvistis,
1170 5139 1194 5182 et
1204 5134 1234 5182 ab
1249 5133 1349 5183 Antonia
1363 5133 1468 5196 porticus
1478 5130 1620 5180 abscidistis.
1636 5135 1676 5179 so·

899 5242 910 5262 a
924 5221 994 5284 pictis
1010 5223 1089 5270 autem
1108 5233 1204 5271 causam
1225 5221 1379 5280 deiectionis,
1394 5221 1414 5268 si
1434 5225 1457 5269 et
1475 5219 1580 5284 porticus
1597 5219 1680 5274 denuo
