3825 6059
291 508 342 556 llll
385 495 530 570 ψιιτεμιτε.)

285 622 340 679 ιτδι
354 621 436 691 θπλα,
450 619 505 677 δέον
519 618 564 684 τάς
577 618 680 699 πρώτας
694 621 778 676 αὐτῶν
792 617 939 675 ἐπικόπτειν
954 616 1054 697 ὑρμάς,

197 758 207 773 .
285 738 296 760 ι
310 708 353 767 ὅτε
375 705 511 786 λοιδορίαις
532 706 694 777 καθήπτοντο
709 709 760 763 τῶν
775 709 917 783 συγγενῶν;
939 709 1011 781 ὑμεῖς
1031 704 1057 761 δὲ

285 825 297 849 ι
312 794 489 871 ἀμελήσαντες
510 794 549 873 ἐφ’
573 792 691 873 ἁρπαγὰς
707 790 874 872 παρωξύνατε
890 790 947 857 τοὺς
967 792 1056 871 ἀλιτη-

285 909 297 933 s
314 880 396 961 ρίους,
410 878 455 937 καί
474 880 654 958 πορθουμένων
668 877 744 937 οίκων
756 877 831 955 λόγος
844 870 875 951 ήν
890 876 981 943 οὐδείς.
995 880 1058 937 Τοι-

260 990 299 1027 ει
314 974 409 1048 γαροῦν
429 966 520 1033 αὐτοὺς
530 966 645 1044 ήρπαζον
659 964 717 1032 τοὺς
734 965 875 1043 δεσπότας,
889 964 935 1024 καί
947 962 1057 1045 συρομέ-

288 1078 365 1122 ινοις
385 1054 426 1113 ld
446 1053 526 1129 μέσης
548 1058 594 1123 τῆς
617 1053 717 1119 πόλεως
735 1052 814 1118 οὐδείς
832 1051 971 1127 ἐπήμυνεν·
987 1054 1010 1108 οἱ
1031 1047 1058 1107 δὲ

286 1141 357 1199 ικαὶ
379 1142 481 1217 δεσμοῖς
500 1140 625 1219 ᾐκίσαντο
643 1140 701 1205 rod<
727 1141 768 1219 ὑφ’
785 1142 857 1216 ὑμῶν
879 1136 1057 1219 προδοθέντας.

287 1258 297 1281 ι
313 1228 366 1287 'ffi
378 1227 462 1304 λέγειν
480 1227 575 1294 πόσους
593 1228 638 1286 καλ
657 1226 801 1298 ποταποὺς,
816 1225 883 1283 ἀλλὰ
904 1226 1058 1284 ἀκαταιτιά·

286 1344 297 1368 ι
314 1338 386 1393 τους,
406 1314 533 1395 ἀκρίτους.
573 1316 667 1381 Οὐδείς
687 1313 813 1385 sicilico
835 1322 888 1379 τοῖς
904 1314 1056 1389 δεδεμένοις·

248 1420 296 1457 lu·
313 1404 448 1461 ἀκολουθον
474 1394 507 1474 ήν
532 1403 629 1460 ἀπιδεῖν
656 1401 715 1468 τοὺς
743 1400 835 1467 αὐτοὺς
867 1400 1057 1482 φονευομένους.

286 1516 298 1542 ι
312 1490 466 1566 Ἐπείδομεν
480 1490 526 1547 καὶ
537 1496 626 1561 τοῦτο,
638 1489 756 1569 καθείπερ
768 1486 793 1555 ἐξ
808 1487 902 1566 ἀγελης
913 1488 985 1566 ζῴων
996 1488 1059 1544 ἀλό-

286 1604 299 1629 s
312 1601 363 1655 γων
376 1578 514 1653 ἑλκομένου
527 1582 571 1635 τοῦ
583 1576 793 1654 κρατιστεύοντος
807 1576 847 1634 ἀεὶ
861 1574 990 1652 θύματος,
1002 1574 1059 1632 οὐδὲ

286 1696 297 1717 ι
311 1664 395 1745 φωνήν
405 1688 443 1730 τις
454 1667 563 1743 ἀφῆκεν,
578 1666 627 1743 οὐχ
640 1663 708 1730 όπως
718 1664 820 1735 ἐκίνησε
829 1662 876 1735 τήν
891 1662 986 1731 δεξιόν.
1001 1660 1058 1721 ψέ-

286 1778 299 1805 ι
313 1776 368 1831 ρετε
380 1751 411 1821 δὴ
423 1752 515 1825 τοίνυν,
526 1750 615 1831 φέρετε
628 1751 777 1826 πατούμενα
793 1750 930 1828 βλέποντες
943 1748 976 1807 τδι
990 1748 1060 1826 ἅγια,

249 1860 272 1897 ιο
287 1866 298 1890 ι
312 1839 357 1895 καί
370 1838 469 1911 πάντας
488 1837 621 1904 ὑποθέντες
642 1838 716 1895 αὐτοὶ
737 1838 788 1904 τοῖς
810 1835 918 1902 ἀνοσίοις
937 1834 996 1901 τοὺς
1009 1840 1060 1893 τῶν

287 1952 299 1977 ι
314 1924 489 2000 τολμημάτων
505 1924 617 2002 βαθμοὺς
637 1924 674 2000 μὴ
695 1924 835 2004 βαρύνεσθε
854 1923 900 1992 τὴν
915 1921 1059 2000 ὑπεροχήνς

288 2038 300 2060 ι
314 2009 360 2069 καὶ
371 2009 420 2089 γὰρ
434 2015 477 2067 νῦν
493 2009 596 2076 πάντως
614 2008 644 2068 ἀν
665 2010 708 2067 ἐπὶ
724 2011 809 2084 μεῖζον
829 2006 987 2088 προύκοψαν,
1001 2007 1023 2064 εί
1035 2029 1060 2063 τι

288 2126 300 2148 ι
314 2100 365 2155 τῶν
384 2097 463 2175 ἁγίων
484 2098 629 2155 καταλῦσαι
653 2101 739 2173 μεῖζον
765 2087 842 2177 εἶχον.
893 2095 1059 2175 Κεκράτηται

288 2212 300 2235 ε
317 2184 364 2260 μὲν
377 2176 420 2242 οὑν
432 2184 461 2241 τὸ
474 2183 637 2262 ὀχυρώτατον
650 2188 697 2253 τῆς
711 2182 821 2255 πόλεως,
834 2181 948 2260 λεγέσθω
956 2180 1006 2261 γὰρ
1018 2186 1061 2237 νῦν

248 2294 274 2330 ιο
288 2300 298 2325 ι
313 2272 343 2329 τὸ
356 2271 423 2352 ἱερόν
441 2274 475 2336 ὡς
492 2270 560 2351 ἄκρα
577 2296 614 2338 τις
629 2270 646 2342 ἢ
661 2271 788 2353 φρούριον.
827 2267 952 2348 Ἔχοντες
970 2270 992 2327 δ’
1002 2272 1060 2326 ἐπι-

289 2389 300 2410 ι
312 2360 504 2438 τετειχισμένην
518 2358 654 2438 τυραννίδα
667 2359 809 2429 τοσαύτην,
825 2359 869 2415 καὶ
884 2358 941 2423 τοὺς
953 2355 1058 2434 ἐχθρούς

287 2474 299 2495 ι
309 2445 378 2525 ὑπὲρ
393 2446 507 2526 κορυφὴν
530 2446 678 2526 βλέποντες,
692 2448 718 2504 τί
731 2446 879 2525 βουλεύεσθε
893 2445 939 2503 καί
952 2444 1004 2501 τίσι
1017 2443 1063 2509 τὰς

288 2562 300 2585 ι
315 2534 419 2610 γνώμας
438 2535 632 2614 προσθάλπετε;
652 2534 799 2609 Ῥωμαίους
822 2533 872 2610 ἄρα
893 2528 1060 2611 περιμένετε,

288 2648 299 2670 ι
314 2618 347 2677 ἵν’
368 2625 443 2697 ἡμῶν
462 2620 610 2700 βοηθήσαντι
626 2630 679 2688 τοῖς
692 2620 785 2697 ἁγίοιςς
808 2621 863 2698 ἔχει
878 2619 924 2696 μὲν
933 2618 1007 2676 ὀὑτω
1029 2615 1063 2674 τὰ

248 2732 274 2770 ‘ss
288 2734 299 2757 ι
314 2707 457 2786 πράγματα
464 2732 499 2785 τη
513 2707 596 2777 πολει,
611 2708 732 2787 καὶπρὸς
747 2712 868 2765 τοσοῦτον
884 2705 981 2779 ἥκομεν
994 2726 1063 2780 συμ-

289 2819 301 2845 ι
316 2797 413 2871 φορῶν,
424 2792 467 2851 θνα
480 2798 550 2868 ἡμᾶς
568 2792 695 2863 ἐλεήσωσι
708 2793 753 2851 καλ
770 2794 904 2869 πολέμιοις
923 2793 981 2851 Οὐκ
1002 2789 1062 2857 ἐξα-

291 2907 302 2930 ι
316 2880 493 2955 νασεήσεσθε,
511 2868 532 2936 ὦ
543 2878 760 2953 τλημονέστατοι,
772 2879 817 2937 καί
830 2877 893 2959 πρός
906 2877 952 2943 τδς
963 2874 1065 2953 πληγὰς

291 2992 302 3016 ι
316 2963 553 3047 ἕπιστραφέντες,θ
571 2967 636 3025 κάπὶ
655 2970 705 3025 τῶν
725 2966 819 3044 θηρίων
832 2964 900 3024 ἔστιν
921 2966 993 3036 ἰδεῖν,
1007 2963 1064 3031 τοὺς

290 3082 302 3105 ι
317 3051 460 3119 τύπτοντας
467 3054 618 3130 ἀμυνεῖσθες
630 3056 677 3111 οὐκ
688 3053 915 3130 ἀναμνησθήσεσθε
928 3055 979 3110 τῶν
993 3049 1063 3109 ἰδίων

248 3166 275 3203 pp
289 3167 300 3191 ι
315 3139 422 3207 ἕκαστος
433 3143 587 3221 συμφορῶν,
598 3138 672 3212 οὐδὲ,
684 3140 701 3198 θ
712 3140 856 3199 πεπόνθατε
865 3138 916 3221 πρό
925 3139 1065 3220 ὀφθαλμῶν

288 3256 300 3279 ι
314 3226 429 3305 θέμενοι,
449 3226 494 3293 τδις
507 3224 592 3307 ψυχάς
603 3228 645 3284 ἐπ’
658 3227 750 3295 αιἰτοθς
767 3227 853 3300 θήξετε
865 3227 929 3307 πρὸς
940 3225 987 3297 τήν
997 3224 1065 3301 ἀμυ-

287 3344 299 3367 ι
311 3336 375 3391 ναν,
397 3312 540 3373 Ἀπόλωλεν
559 3314 609 3394 ἀρα
630 3319 693 3395 παρ’
717 3321 776 3393 ὑμῖν
792 3316 822 3375 τό
839 3313 995 3392 τιμιώτατον
1014 3316 1065 3369 τῶν

287 3407 410 3474 «παθῶν,
433 3402 478 3460 καλ
498 3400 684 3484 φυσικώτατον,
708 3402 850 3483 ἐλευθερίας
869 3400 1001 3475 ἐπιθυμία·
1025 3421 1066 3479 φι-

290 3518 302 3542 ι
316 3489 432 3548 λόδουλοι
451 3487 478 3546 δὲ
495 3487 541 3547 καλ
561 3490 740 3570 φιλοδέσποτοι
761 3489 914 3568 γεγόναμεν,
931 3486 1019 3564 ὥσπερ
1036 3488 1065 3543 ἐκ

247 3600 274 3637 ει
290 3576 447 3655 «προγόνων
471 3576 501 3633 τὸ
527 3577 718 3636 ὑποτάσσεσθαι
743 3574 946 3656 παραλαθόντες.
996 3572 1065 3633 Ἀλλ’

288 3692 299 3716 ι
315 3662 405 3722 ἐκεῖνοί
416 3686 446 3741 γε
455 3661 565 3729 πολλοὺς
575 3664 620 3721 καὶ
632 3663 760 3740 μεγάλους
774 3662 839 3743 ὑπὲρ
851 3667 898 3733 τῆς
909 3660 1064 3738 αὐτονομίας

287 3778 299 3801 ι
315 3749 441 3824 πολέμους
463 3748 608 3825 διήνεγκαν,
629 3750 674 3807 καὶ
697 3748 755 3809 ούτε
777 3755 822 3821 τῆς
840 3746 988 3827 Αἰγυπτίων
1008 3746 1066 3805 οὔτε

288 3865 300 3889 ι
311 3842 355 3907 τῆς
368 3836 465 3906 Μήδων
478 3836 628 3904 δυναστείας
636 3837 793 3909 ἡττήθησαν,
803 3836 869 3917 ὑπὲρ
878 3842 923 3895 τοῦ
934 3833 971 3911 μὴ
983 3838 1066 3893 ποιεῖν

290 3951 301 3973 ι
316 3922 344 3980 τό
355 3921 532 3999 κελευόμενον.
575 3920 628 3981 Καλ
639 3919 664 3981 τί
672 3924 709 3981 δεῖ
719 3923 751 3982 τά
763 3928 813 3982 τῶν
825 3922 956 4002 προγόνων
968 3918 1066 3998 λέγεινς

249 4036 276 4071 ιιι
289 4038 301 4061 ι
319 4010 376 4065 ἀλλ’
392 4012 406 4065 δ
420 4012 463 4065 νῦν
483 4008 545 4089 πρὸς
557 4008 703 4085 Ῥωμαίους
719 4010 845 4088 πολεμος,
869 4014 902 4069 lb
925 4007 1067 4087 διελέγχειν

289 4126 300 4146 ι
316 4096 422 4176 πότερον
444 4096 579 4169 λυσιτελής
596 4097 631 4155 ὧν
656 4098 701 4157 καί
722 4098 851 4179 σύμφορος
870 4096 887 4167 ἢ
905 4096 1065 4167 τούναντίον,

289 4176 300 4236 ιι
316 4184 373 4241 τίνα
388 4184 411 4240 δ’
427 4174 470 4240 οὑν
487 4181 543 4263 ἔχει
560 4185 702 4265 πρόφασιν;
717 4185 746 4242 οὐ
764 4183 810 4255 τὴν
825 4182 986 4262 ἐλευθερίανς
1010 4172 1065 4241 εἶτα

289 4302 300 4324 ι
317 4271 373 4338 τοὺς
388 4274 434 4341 τῆς
445 4268 596 4347 οἰκουμένης
612 4271 736 4339 δεσπότας
750 4270 787 4348 μή
803 4270 921 4352 φέροντες
931 4272 982 4326 τῶν
994 4272 1064 4343 θμο·

288 4388 299 4411 ι
319 4361 404 4437 φύλων
415 4358 544 4437 τυρόννων
562 4356 701 4435 ἀνεξόμεθα
711 4381 720 4437 ;
735 4359 827 4420 Καίτοι
837 4358 866 4417 τό
879 4356 925 4435 μὲν
936 4360 990 4421 τοῖς
1001 4354 1065 4425 fisu-

249 4470 274 4507 ta
290 4478 301 4497 ι
315 4454 356 4505 θεν
367 4446 504 4504 ὑπακούειν
514 4446 648 4523 ἀνενέγκαι
662 4470 699 4513 τις
711 4446 743 4505 ἀν
759 4449 793 4513 εἷς
805 4447 852 4516 τήν
867 4443 936 4512 ἅπαξ
947 4444 1064 4515 ἡττήσα-

290 4565 300 4585 ι
316 4558 364 4591 σαν
380 4531 474 4612 τύχην·
483 4533 513 4592 τὸ
525 4532 551 4592 δὲ
559 4538 610 4600 τοῖς
620 4533 720 4600 οἰκείοις
732 4534 807 4601 εἴκειν
819 4536 940 4613 πονηροῖς
952 4532 1064 4610 ἀγεννῶν

291 4626 371 4678 nicer
391 4622 435 4680 καὶ
457 4620 675 4702 προαιρουμένων.
718 4620 828 4693 Ἐπειδὴ
850 4619 877 4678 δὲ
900 4618 970 4687 δίπαξ
985 4618 1064 4695 ἐμνή·

291 4736 301 4754 ι
321 4712 382 4777 σθην
396 4708 547 4787 Ῥωμαίων,
564 4710 611 4768 ούκ
629 4703 813 4790 ἀποκρύψομαι
828 4707 891 4785 πρός
903 4712 970 4783 ὑμᾶς
983 4710 1062 4764 εἰπεῖν

292 4820 302 4840 ι
319 4792 332 4849 ό
348 4794 442 4865 μεταξὺ
455 4800 506 4852 τῶν
515 4796 598 4874 λόγων
610 4796 722 4873 ἐμπεσὸν
733 4797 874 4876 ἐπέστρεψε
884 4794 930 4864 τὴν
941 4793 1065 4864 διοίνοιαν,

251 4899 279 4936 ευ
295 4904 307 4926 ι
322 4876 361 4934 ότι
379 4878 427 4935 κᾶν
444 4883 547 4957 ἁλῶμεν
561 4888 604 4940 ὑπ’
619 4881 721 4949 ἐκείνοις
737 4881 828 4964 [ἀπείη
843 4882 870 4941 δὲ
894 4883 1003 4961 ήπεῖρα
1021 4884 1066 4938 τοῦ

292 4994 302 5015 ι
320 4963 423 5045 λόγου),
438 4968 618 5048 χαλεπώτερον
634 4969 706 5027 οὐδὲν
726 4970 817 5028 παθεῖν
837 4968 931 5047 ἔχομεν
945 4960 981 5025 ὧν
998 4972 1067 5044 ἡμᾶς

291 5054 502 5111 «διατεθείκασιν
518 5044 596 5113 οὑτοι.
613 5059 674 5123 Πῶς
690 5056 712 5114 δ’
726 5058 755 5115 οὗ
771 5054 888 5135 δακρύων
904 5054 982 5127 ἄξιον,
999 5054 1066 5111 ἐκεῖ.

290 5170 303 5195 ι
315 5164 365 5199 νων
380 5141 426 5217 μὲν
439 5145 464 5199 ἐν
476 5146 513 5220 τῷ
533 5145 594 5223 ἱερῷ
605 5143 650 5200 καί
670 5142 825 5219 ἀναθήματα
838 5142 954 5222 βλέπειν,
970 5146 1021 5199 τῶν
1039 5142 1066 5200 δὲ

292 5255 303 5279 ι
318 5228 453 5313 ὁμοφύλων
473 5226 504 5285 ελ
519 5231 601 5285 σκῦλα
616 5229 794 5307 σεσυληκότων
808 5230 852 5288 καί
865 5229 1005 5287 ἀνελόντων
1020 5226 1065 5299 τήν

694 490 770 549 'sol‘
791 491 889 551 llll't.
913 488 1101 547 ΠΟΛΕΜΟΥ
1122 490 1216 547 ltlltn.
1242 492 1274 545 Δ.
1292 488 1383 548 lilii».
1405 489 1436 547 l'.

1746 487 1852 565 [racemi

1104 628 1170 663 ιιοιιι
1183 616 1288 679 impetus
1299 615 1424 677 comprimi
1439 620 1570 679 oporteret,
1583 615 1682 678 quando
1690 618 1795 679 cognatos
1806 602 1854 667 ouu-

1103 726 1115 749 ι
1129 706 1196 755 viciis
1205 707 1361 769 appetebant?
1376 710 1425 755 vos
1436 712 1515 756 autem
1524 742 1532 765 ,
1542 708 1572 757 ds
1584 708 1654 771 rebus
1665 721 1747 770 parum
1762 710 1855 767 solliciti,

1102 816 1114 839 ι
1127 796 1253 845 sceleratos
1273 796 1302 845 sd
1319 796 1413 859 rapinas
1431 796 1550 847 faciendas
1570 798 1700 859 incitastis,
1717 797 1856 861 domibusque

1103 908 1115 929 ι
1128 888 1237 948 casulis,
1250 888 1342 937 illarum
1351 889 1439 937 nullam
1450 888 1563 937 rationem
1572 888 1696 937 imbuistis.
1728 892 1858 951 Quapropter

1104 998 1115 1019 ι
1126 978 1214 1027 domini
1223 980 1268 1042 ipsi
1277 978 1458 1041 diripiebantur,
1466 992 1588 1041 quumque
1596 992 1637 1041 per
1649 978 1859 1030 mediemcisitstem

1104 1090 1115 1112 ι
1128 1070 1284 1130 traherentur,
1297 1082 1368 1119 nemo
1376 1069 1569 1118 eisausilioersl.
1581 1070 1642 1127 Quin
1650 1070 1685 1118 illi
1695 1070 1860 1121 vinculisetian

1104 1180 1115 1202 ι
1129 1173 1170 1209 eos
1178 1161 1330 1220 crudarum,
1347 1172 1408 1222 quos
1419 1172 1464 1209 vos
1470 1160 1615 1223 prodidistis.
1648 1162 1718 1211 Mitto
1731 1160 1804 1210 dicere
1814 1170 1861 1224 quot

1104 1267 1116 1291 ι
1129 1248 1215 1299 fuerint
1232 1251 1256 1297 et
1270 1253 1367 1314 quales,
1385 1252 1426 1301 sed
1441 1252 1560 1303 anemine
1571 1259 1710 1312 accusatos,
1723 1254 1861 1304 indempnes.

1104 1360 1116 1383 ι
1127 1340 1218 1391 Vinctis
1237 1356 1306 1391 nenio
1322 1358 1391 1406 opem
1411 1345 1465 1393 tulit
1481 1360 1487 1391 ι
1503 1356 1651 1405 consequens
1668 1352 1719 1395 erat
1740 1351 1767 1394 nt
1780 1348 1861 1395 coedes
1893 1354 1894 1363 ¹

1106 1452 1116 1471 ι
1129 1432 1204 1481 occidi
1215 1432 1357 1483 videremus.
1391 1438 1442 1484 lior.
1459 1434 1531 1483 etiam
1547 1436 1697 1498 aspeximus,
1714 1437 1779 1485 velut
1794 1451 1820 1486 es
1835 1452 1862 1485 sr-

1105 1528 1209 1570 amento
1225 1535 1336 1583 pecorum
1358 1524 1449 1585 optimo
1465 1538 1559 1587 quoque
1575 1538 1669 1586 semper
1692 1526 1722 1575 ad
1738 1528 1862 1576 sacrificium
1894 1514 1895 1565 ί

1105 1631 1115 1653 ιι
1130 1612 1215 1671 ducto,
1226 1626 1302 1674 neque
1316 1614 1422 1663 nisullluit
1438 1608 1579 1677 quamquam,
1589 1617 1666 1665 multu
1678 1618 1757 1667 minus
1772 1619 1863 1668 desimus
1895 1637 1896 1727 γ

1105 1722 1117 1746 ι
1139 1704 1223 1751 mouit.
1234 1704 1357 1752 Patiemini
1370 1705 1449 1765 igitur,
1461 1706 1581 1767 patiemini
1602 1712 1682 1756 macta
1698 1712 1824 1759 conculcari
1841 1712 1863 1757 si
1895 1730 1896 1753 ι

1105 1814 1116 1837 ι
1129 1794 1229 1844 dentes?
1239 1802 1451 1858 quumqueonmes
1463 1809 1494 1845 es
1503 1796 1646 1847 facinoribus
1659 1799 1864 1863 aurdscibusgradus

1105 1904 1116 1929 ι
1131 1886 1223 1934 nefariis
1232 1886 1641 1951 istisimminibnssubjeccrilis,non
1651 1903 1714 1951 aegre
1724 1890 1788 1940 feriis
1797 1906 1864 1941 eoru-n

1106 1970 1296 2028 ‹s‘enuiuentiami
1307 1992 1372 2027 nunc
1383 1976 1445 2027 onim
1461 1980 1568 2041 profecto
1577 1981 1606 2029 ad
1619 1982 1709 2042 fusiore
1719 1984 1864 2044 procederent,
1896 1968 1897 1999 ³

1107 2069 1150 2118 usi
1162 2068 1219 2131 quid
1232 2070 1289 2119 locis
1303 2070 1390 2119 sanctis
1399 2070 1475 2130 majus
1484 2073 1640 2121 evertendum
1652 2074 1774 2123 luberent.
1805 2078 1832 2123 Et
1842 2076 1864 2121 ci·
1897 2097 1898 2161 γ

1107 2180 1117 2203 ι
1129 2160 1209 2209 vitatis
1218 2161 1314 2223 uiridem
1325 2161 1391 2211 locus
1403 2162 1577 2211 munitissimus
1586 2167 1715 2225 occupatur
1730 2178 1804 2215 :nunc
1812 2166 1863 2214 enim
1897 2162 1898 2211 l

1110 2272 1122 2293 ι
1136 2253 1249 2313 templum
1268 2254 1397 2315 appellator
1408 2253 1476 2316 quasi
1486 2268 1527 2303 arx
1546 2254 1656 2317 quedam
1670 2256 1722 2305 sive
1738 2256 1865 2318 praesidium.

1107 2364 1118 2386 ι
1131 2346 1207 2392 Tnnta
1224 2344 1294 2405 igilur
1318 2349 1402 2393 contra
1426 2358 1470 2395 eos
1490 2347 1615 2408 tyrannide
1637 2348 1744 2408 munita,
1768 2351 1791 2397 ef
1807 2349 1867 2397 iuini·

1108 2434 1166 2483 scis
1184 2448 1256 2496 supra
1275 2436 1386 2484 verticem
1409 2436 1506 2497 positis,
1527 2440 1554 2485 nl
1572 2436 1737 2498 ridetis,quid
1762 2438 1867 2485 vobiscum
1898 2424 1899 2467 ί

1108 2545 1120 2569 ι
1132 2528 1252 2588 cogitatis,
1264 2531 1403 2590 olqsruenam
1414 2528 1486 2577 arrimi
1496 2529 1619 2577 sententiis
1634 2528 1742 2578 fovendis
1751 2530 1867 2579 adhibetis?

1108 2639 1121 2663 ι
1133 2625 1168 2669 An
1183 2623 1301 2669 Romanus
1310 2620 1464 2681 exspectetis,
1478 2624 1505 2669 ul
1515 2620 1572 2670 locis
1585 2624 1692 2669 nostrum
1704 2624 1791 2671 sanctis
1800 2622 1867 2683 opitu·

1108 2730 1120 2754 ι
1133 2710 1227 2760 lentur?
1239 2715 1303 2761 itane
1315 2710 1411 2775 quidem
1423 2725 1449 2760 se
1459 2712 1548 2761 liabent
1560 2712 1664 2761 ciuitatis
1678 2726 1730 2771 res,
1743 2726 1815 2775 eoqsre
1826 2726 1869 2760 seu·

1109 2822 1120 2846 ι
1134 2806 1184 2853 lum
1194 2804 1422 2865 estcalamitatis,nt
1431 2805 1507 2853 nostri
1516 2800 1634 2853 nrberturi
1646 2804 1694 2853 sint
1703 2805 1774 2855 eliam
1787 2806 1870 2853 bustis?
1900 2781 1901 2871 ψ

1109 2914 1121 2937 ι
1132 2898 1183 2945 Non
1193 2896 1335 2957 exsurgetis,
1346 2909 1361 2944 ο
1373 2896 1542 2953 miserrimi,et
1556 2896 1674 2945 vobismet
1695 2897 1724 2945 ad
1740 2897 1814 2959 plagas
1829 2910 1868 2943 ron
1900 2876 1901 2885 ί

1110 3008 1121 3031 ι
1135 2988 1223 3049 versis,
1237 2968 1265 3037 il‘
1279 2987 1343 3049 qurod
1355 2991 1380 3037 et
1391 2986 1453 3037 feras
1469 2988 1546 3038 fecere
1561 2987 1642 3037 uidere
1656 2993 1708 3049 est,
1727 2988 1870 3051 percutientes
1901 3013 1902 3089 γ

1110 3100 1121 3123 ι
1136 3080 1297 3129 ulciscemini?
1313 3083 1364 3129 Nou
1381 3092 1438 3129 suas
1453 3080 1556 3143 purisque
1571 3081 1594 3130 in
1613 3070 1752 3129 memoriam
1767 3080 1870 3129 revocabit
1901 3092 1902 3139 γ

1110 3192 1122 3215 ι
1134 3172 1293 3231 calamitates,
1304 3177 1328 3221 et
1335 3208 1341 3230 ,
1349 3175 1403 3223 sule
1412 3173 1494 3221 oculos
1505 3172 1588 3235 positis
1598 3184 1652 3235 quac
1663 3172 1799 3235 pertulerit,
1807 3172 1834 3219 ad
1844 3171 1870 3216 ul·

1110 3284 1122 3307 a
1137 3264 1226 3313 tionem
1243 3264 1334 3313 animos
1344 3268 1430 3313 acuet?
1447 3263 1519 3313 Periit
1530 3263 1593 3325 apud
1611 3276 1656 3313 vos
1672 3264 1736 3327 quud
1755 3264 1870 3313 affertuuru

1111 3374 1122 3397 ι
1135 3354 1241 3403 omnium
1249 3354 1409 3425 carissimum,
1416 3353 1482 3417 quod
1492 3353 1616 3403 marimee
1625 3360 1711 3403 natura
1720 3352 1871 3415 est,libertstis

1112 3462 1123 3485 ιι
1136 3443 1291 3503 desiderium
1305 3448 1378 3507 atquc
1394 3444 1449 3499 iacti
1469 3458 1554 3494 sumus
1575 3456 1699 3495 servornm
1722 3444 1871 3495 dominorum·

1111 3550 1183 3599 aque
1202 3542 1324 3597 amanites,
1343 3537 1411 3599 qussi
1431 3549 1445 3586 ε
1466 3536 1596 3598 maioribus
1619 3538 1704 3599 subjici
1724 3538 1870 3587 didicerimus.

1112 3648 1123 3671 ιι
1136 3628 1208 3691 Atqui
1220 3628 1253 3677 illi
1264 3628 1337 3676 niulln
1346 3632 1371 3677 et
1380 3640 1462 3690 magna
1473 3642 1516 3689 pro
1526 3628 1634 3677 libertate
1645 3628 1804 3677 susaobioruut
1814 3628 1871 3676 bella.

1112 3741 1124 3765 ι
1136 3725 1161 3770 el
1179 3732 1255 3783 neque
1274 3702 1436 3780 AEgyptiorum
1455 3731 1533 3781 oeque
1551 3718 1675 3769 Medorum
1700 3720 1810 3781 polentiae
1830 3728 1873 3765 eei·

1111 3832 1123 3855 ι
1136 3814 1231 3873 serum,
1243 3810 1373 3861 dummodo
1387 3824 1417 3859 m
1433 3810 1548 3873 imperata
1562 3810 1674 3859 facerent.
1708 3812 1737 3859 Et
1752 3808 1807 3871 quid
1824 3819 1873 3869 opus

1111 3922 1124 3947 ι
1135 3904 1175 3953 est
1185 3902 1319 3965 depromis
1334 3901 1428 3951 dicere?
1443 3904 1535 3950 Verum
1554 3901 1655 3960 bellum,
1672 3900 1736 3961 qnod
1750 3912 1811 3948 nnnc
1828 3908 1872 3945 eum

1112 4014 1123 4037 ι
1137 3994 1250 4043 Romanis
1262 3993 1366 4055 gerimrus
1378 3993 1464 4054 (mitto
1482 3991 1628 4053 dijudicare,
1645 3998 1726 4041 utrum
1745 3991 1769 4039 in
1786 4004 1830 4039 rem
1841 4001 1873 4035 no·

1111 4107 1123 4130 ι
1138 4091 1210 4135 stram
1228 4090 1252 4134 et
1263 4085 1415 4133 commodum
1428 4084 1471 4144 sit,
1482 4098 1513 4133 en
1526 4084 1639 4146 contra),
1650 4083 1708 4147 quid
1724 4084 1801 4146 pelam
1815 4080 1873 4129 lubet

1111 4196 1124 4221 ι
1135 4180 1228 4227 usiam?
1244 4189 1322 4226 nonne
1331 4176 1480 4225 libertatem?
1493 4175 1555 4232 Quid
1569 4188 1638 4235 ergo,
1648 4174 1689 4239 quui
1701 4174 1803 4223 dominis
1813 4172 1873 4223 tolie

1111 4288 1123 4313 ι
1136 4273 1252 4319 terrarum
1265 4268 1329 4317 orbis
1339 4268 1427 4317 serviro
1438 4280 1500 4328 augre
1512 4268 1624 4326 ferimus,
1638 4266 1765 4329 populares
1776 4271 1873 4328 lynceos

1112 4381 1124 4405 ι
1136 4356 1873 4421 tolerabimus?Quanquamextraneisquidemobtemperoieesl

1111 4470 1123 4494 ι
1137 4452 1223 4513 utquls
1236 4450 1471 4512 fortunuesliquando
1481 4450 1583 4499 vincenti
1592 4452 1715 4512 acceptum
1726 4450 1824 4499 referat:
1834 4446 1874 4495 suis

1113 4562 1125 4585 ι
1142 4555 1198 4591 vero
1210 4542 1285 4605 iisque
1299 4541 1413 4603 improbis
1424 4540 1520 4599 redere,
1538 4540 1634 4601 ignavos
1645 4540 1723 4602 arguit
1734 4546 1759 4589 et
1771 4532 1874 4589 serviendi

1112 4634 1243 4695 «cupidos.
1276 4635 1307 4683 at
1322 4635 1434 4695 quioniam
1449 4636 1609 4683 Romanorum
1629 4631 1701 4680 semel
1719 4630 1873 4681 meminerim,

1111 4721 1229 4773 «silentio
1242 4734 1290 4769 nun
1299 4720 1453 4769 dissimulabo
1468 4717 1534 4781 quod
1551 4718 1608 4767 mibi
1627 4716 1841 4779 interloquendum
1855 4712 1874 4759 ῖιι

1112 4829 1124 4853 ι
1137 4812 1240 4859 mentem
1258 4809 1369 4868 venerit,
1392 4820 1492 4868 eamque
1512 4806 1542 4854 ad
1566 4806 1617 4854 illos
1636 4806 1801 4853 converterit:
1822 4796 1873 4863 quod

1112 4916 1123 4939 ι
1136 4896 1229 4947 etiamsi
1241 4895 1272 4945 ab
1284 4896 1322 4944 lris
1333 4894 1396 4957 cepti
1409 4894 1524 4943 fuerimus
1539 4890 1615 4953 (absit
1628 4896 1709 4941 autem
1724 4889 1783 4939 dicti
1797 4884 1873 4950 exped-

1113 5002 1124 5026 ι
1138 4990 1244 5033 mentum
1251 4984 1275 5043 ),
1286 4982 1343 5031 nillil
1354 4980 1421 5031 uobis
1433 4978 1570 5043 patiendum
1581 4974 1654 5028 restat
1664 4978 1694 5027 iis
1702 4978 1823 5037 acerbius,
1830 4972 1874 5035 qui·

1112 5090 1122 5115 ιι
1136 5071 1182 5119 bus
1194 5082 1237 5118 nos
1248 5070 1287 5119 isti
1295 5069 1433 5119 affecerunt.
1466 5065 1592 5124 Quomodo
1599 5069 1679 5115 autem
1686 5078 1735 5114 non
1745 5062 1875 5115 sitlacsima

1112 5178 1123 5201 ι
1138 5158 1198 5218 lile,
1209 5157 1303 5205 illorum
1319 5155 1416 5218 quidem
1428 5156 1451 5203 in
1463 5154 1552 5217 templo
1566 5154 1637 5205 etiem
1656 5152 1754 5201 donaria
1772 5160 1873 5199 cernere.

1112 5266 1123 5289 ι
1136 5243 1257 5305 gentilium
1270 5255 1326 5292 uero
1338 5243 1429 5305 prodes
1438 5242 1588 5305 spoliantium
1597 5246 1620 5291 et
1630 5238 1788 5302 diripientium
1800 5240 1875 5286 meua·
