3825 6059
31 458 183 537 (meror.)

28 616 42 643 s
60 590 109 647 καί
120 588 212 668 Σύριοι
231 592 255 647 ol
275 592 348 669 έντῇ
364 590 544 671 Παλαιστίνῃ,
564 591 609 650 καί
631 585 806 670 ούτοιθμολο-

28 684 133 754 ιγοῧσι
146 679 208 758 παρ’
231 678 381 755 Αἰγυπτίων
398 678 586 755 μεμαθηκέναι.
627 679 718 759 Σύριοι
741 679 807 739 sto

28 790 41 815 κ
56 764 121 844 περὶ
134 764 313 842 Θερμώδοντα
322 766 368 823 καί
388 765 529 844 Παρθένιον
544 768 674 844 ποταμὸν,
685 767 731 825 καί
750 766 808 827 Μοί-

30 879 42 903 ι
55 875 156 930 κρωνες
166 855 191 909 οἱ
201 852 328 911 τούτοισιν
342 853 517 931 ἀστυγείτονες
530 853 612 926 ὄντες,
630 852 682 912 ἀπὸ
696 854 807 933 Κόλχων

4 970 17 1006 ς
31 967 41 991 ι
56 939 125 1019 φασί
138 940 232 999 νεωστί
245 939 434 1016 μεμαθηκέναι.
469 932 551 1000 Οὗτοι
563 941 614 1020 γοίρ
627 944 691 1000 εἰσιν
700 944 806 1019 οίπερι-

31 1049 48 1083 u
62 1026 225 1103 τεμνόμενοι
239 1026 381 1107 ἀνθρώπων
392 1033 494 1104 μοῦνοι,
507 1028 552 1087 καὶ
561 1018 631 1087 οὗτοι
642 1027 808 1107 Αἰγυπτίοισι

31 1143 43 1165 ι
55 1115 196 1195 φαίνονται
208 1119 339 1181 ποιεῦντες
355 1114 424 1173 κατὰ
439 1114 533 1173 ταύτοί.
574 1117 668 1174 Αύτῶν
685 1113 806 1191 δέΑἰγυ-

30 1227 43 1253 τ
53 1200 141 1259 πτίων
152 1200 198 1259 καί
217 1200 348 1263 Αἰθιόπων
369 1203 415 1259 οὔκ
427 1200 481 1280 έχω
498 1202 578 1259 ιῖπεῖν
603 1204 716 1281 ὁκότεροι
735 1199 808 1280 παρὰ

30 1317 43 1339 ι
54 1293 110 1345 τῶν
125 1287 221 1368 ἑτέρων
234 1288 367 1363 ἐξέμαθον.
389 1316 401 1339 ι
413 1292 516 1350 Οὐκοῦν
531 1289 618 1368 εἴρηκε
632 1288 731 1369 Σύρους
750 1286 809 1354 τοθς

5 1379 57 1437 υέν
72 1381 108 1452 τῇ
125 1375 291 1456 Παλαιστίνῃ
306 1374 517 1455 περιτέμνεσθαι·
536 1380 587 1433 τῶν
602 1376 691 1447 δὲτὴν
705 1377 809 1437 Παλαι·

30 1463 125 1533 στίνην
143 1462 330 1523 κατοικούντων
350 1462 422 1536 μόνοι
447 1466 522 1521 τοῦτο
545 1468 660 1522 ποιοῦσιν
678 1463 808 1522 Ἰουδαῖοι.

30 1554 122 1609 Τοῦτο
135 1548 187 1627 ἄρα
203 1548 337 1627 γινώσκων
351 1549 439 1628 είρηκτ
454 1549 513 1630 περὶ
533 1551 626 1610 αὐτῶν.
669 1550 723 1610 Καὶ
741 1552 808 1611 Χοι-

32 1641 102 1717 ριλος
117 1637 321 1717 δὲάρχαιότερος
331 1636 465 1713 γενόμενος
481 1636 607 1713 ποιητὴς,
622 1635 809 1714 ρέμνηταιτῶ

30 1728 123 1793 ἔθνους
138 1729 223 1802 ἡμῶν,
243 1723 283 1782 ότι
297 1722 519 1803 συνεστρότευται’
534 1722 619 1803 Ξέρξη
639 1728 676 1802 τῷ
698 1726 808 1803 Περσῶν

6 1812 141 1891 σβασιλεῖ
156 1811 200 1870 ieri
220 1811 267 1883 τὴν
293 1810 420 1872 Ἑλλάδα.
469 1811 736 1891 Καταριθμησοίμενος
758 1810 809 1891 γδρ

30 1901 121 1959 πάντα
148 1899 182 1957 τὰ
206 1899 267 1970 ίθνη
280 1899 426 1957 τελευταῖον
440 1897 485 1958 καί
502 1898 533 1957 τὸ
553 1898 691 1978 ἡμέτερον
707 1897 809 1967 ἐνίταξι

30 1988 129 2067 λέγων,

76 2114 124 2173 Τῷ
134 2110 155 2158 δ’
161 2108 240 2157 ὄπιθεν
255 2106 354 2155 διέδαιντ
362 2106 426 2167 γένος
435 2105 569 2168 θαυμαστόν
580 2106 679 2164 ἰδέσθαι,

92 2184 207 2243 γλῶσσαν
219 2178 259 2239 μὲν
271 2176 399 2227 Φοίνισσαν
410 2177 457 2225 ἀπὸ
466 2174 587 2237 σταμάτων
594 2175 710 2238 ἀφιέντες·

13 2278 15 2287 ν
93 2254 172 2314 ᾤκεον
184 2248 204 2297 δ’
214 2250 238 2297 ἐν
247 2247 357 2309 Σολύμοις
369 2244 660 2309 θρεσιπλατίηίνίλίμνη,

95 2314 538 2385 ouinulleessuriosuerruwiobs·
551 2315 724 2377 αὒτὶνῠποῦιν

96 2396 180 2443 ἵππων
188 2389 260 2453 δαρτὰ
267 2386 374 2451 πρόσωπ’
389 2385 483 2448 δφόφευν
493 2384 627 2441 δσιιληκότα
637 2388 730 2447 καπνῷ.

32 2509 121 2577 Δῆλον
131 2494 176 2561 σ’ύν
190 2503 269 2569 ἐστιν,
283 2501 318 2564 ὡς
331 2488 417 2573 οἶμαι,
428 2503 507 2553 πᾶσιν
521 2497 597 2571 ἡμῶν
610 2492 687 2552 αὐτὸν
708 2496 809 2569 μεμνῆ·

32 2601 94 2653 σθαι
102 2594 141 2671 τῷ
153 2588 198 2647 καί
212 2585 245 2643 τδι
256 2585 366 2661 Σόλυμα
379 2582 426 2663 ὄρη
436 2584 462 2640 έν
474 2586 506 2659 τῇ
520 2580 636 2661 ἡμετέρα
649 2572 715 2639 εἶναι
725 2579 810 2662 χώρη,

0 2722 14 2734 ι.
32 2682 247 2751 δκατοικοῦμεν,
258 2673 304 2731 καὶ
313 2670 361 2742 τὴν
379 2670 543 2749 Ἀσφαλτίτιν
556 2667 696 2746 λεγομένην
705 2668 809 2741 λίμνην.

31 2768 111 2837 Αὕτη
125 2764 176 2844 γδρ
189 2764 281 2821 πασῶν
298 2762 348 2817 τιῗνν
367 2760 393 2816 έν
407 2762 440 2837 τῇ
454 2755 538 2835 Συρία
555 2755 634 2832 λίμνη
660 2754 810 2836 πλατυτέρα

31 2856 78 2915 καί
104 2851 200 2929 μείζων
221 2846 387 2916 καθέστηκεν.
442 2842 495 2903 Καὶ
520 2842 639 2922 Χοιρίλος
666 2840 713 2919 μίν
741 2842 810 2902 ούτω

32 2942 169 3019 μέμνηται
179 2938 268 3013 ἡμῶν·
276 2931 318 2990 ύτι
332 2930 359 2990 δέ
370 2933 399 2989 οὗ
422 2929 498 3007 μόνον
511 2928 653 3001 ἠπίσταντο
672 2928 731 2995 τοὺς
743 2930 811 2989 'lou-

33 3032 140 3105 δαίους,
165 3019 290 3083 mirei
313 3016 456 3094 έθαύμαζον
481 3016 549 3083 όσοις
573 3018 658 3074 αὐτῶν
682 3015 810 3095 ἐντύχοιεν

0 3147 16 3172 tl
33 3121 84 3195 οὐχ
96 3118 121 3173 οί
148 3108 304 3190 φαυλότατοι
322 3109 372 3164 τῶν
392 3103 537 3176 Ἑλλήνων,
557 3104 616 3161 ἀλλ’
633 3105 657 3161 ol
671 3101 715 3161 έπὶ
733 3102 811 3183 σοφία

32 3206 155 3280 μάλιστα
161 3192 383 3273 τεθαυμασμένα,
394 3190 480 3272 ῥᾴδιον
486 3194 590 3269 γνῶναι.
607 3188 743 3269 Κλέαρχος
751 3190 810 3271 γὰρ,

31 3284 250 3369 θἈριστοτίλους
262 3279 298 3339 ὢν
313 3278 431 3356 μαθητὴς
441 3278 485 3336 καὶ
494 3280 546 3334 τῶν
555 3278 585 3334 έκ
596 3282 641 3335 τοῦ
661 3277 810 3357 Περιπάτου

31 3376 184 3461 φιλοσόφων
204 3367 303 3435 οὐδενός
316 3366 446 3446 δεύτερος,
461 3369 487 3424 ἐν
500 3368 538 3444 τῷ
551 3364 647 3445 πρώτῳ
657 3364 718 3445 περὶ
731 3363 811 3425 ὕπνου

33 3462 135 3545 βιὸλίῳ
147 3462 223 3541 φησίν
236 3452 417 3537 Ἀριστοτέλην
427 3453 471 3511 τὸν
492 3452 647 3511 διδάσκαλον
660 3454 739 3511 αὐτοῦ
752 3452 812 3532 περί

5 3592 12 3612 ι.
30 3577 103 3617 τινος
117 3548 207 3629 ἀνδρὸς
221 3544 345 3606 Ἰουδαίου
359 3546 442 3599 ταῦτα
454 3543 574 3620 ἱστορεῖν,
587 3542 658 3620 αὐτῷ
668 3563 697 3599 τε
707 3540 750 3599 τδν
766 3542 812 3599 λό·

29 3666 78 3719 γον
99 3633 269 3717 Ἀριστοτελει
288 3628 432 3699 ἀνατίθησι.
473 3626 554 3687 Ἐστι
568 3629 591 3685 δ’
607 3626 674 3685 οὕτω
694 3650 810 3707 γεγραμ-

31 3728 125 3805 μένος·
168 3750 180 3774 ι
193 3716 272 3780 Ἀλλὰ
282 3717 315 3776 τδι
329 3716 377 3793 μέν
387 3712 472 3774 πολλδ
492 3712 592 3794 μακρδν
605 3713 638 3772 ἀν
658 3713 699 3785 είη
712 3714 811 3793 λέγειν·

33 3842 45 3867 ι
61 3813 118 3871 ὅσα
133 3813 156 3869 δ’
163 3808 219 3888 έχει
226 3811 277 3865 τῶν
287 3804 385 3863 έκτίνου
396 3798 592 3879 θαυμασιότητοί
609 3823 667 3859 τινα
680 3800 725 3859 καλ
740 3803 811 3881 φιλο·

30 3930 43 3954 ι
57 3898 168 3979 σοφίαν,
188 3893 282 3971 δμοίως
296 3891 401 3950 διελθεῖν
420 3891 449 3948 ού
462 3896 558 3967 χεῖρον.
599 3890 694 3967 Σαφῶς
711 3887 812 3961 δ’ίσθι,

4 4018 43 4057 ,ιι
56 4012 72 4046 ε
86 4008 146 4055 πεν,
155 3979 314 4060 Ὑπεροχίδη
322 4023 330 4051 ,
339 3977 443 4057 ὀνείροις
453 3975 498 4034 iou
509 3973 549 4034 ool
561 3973 626 4042 δόξω
642 3973 735 4052 λέγειν.
756 3976 812 4036 Καὶ

30 4105 42 4127 e
57 4078 76 4133 ὃ
90 4068 263 4150 Ὑπεροχίδης
275 4062 469 4139 εύλαύούμενος,
478 4065 519 4123 Δι’
532 4060 661 4141 αὗτδγάρ,
672 4062 813 4141 ἔφητοῦτο

31 4159 113 4219 ικαὶ
139 4161 264 4231 ζητοῦμεν
289 4156 400 4211 ἀκοῦσαι
424 4151 528 4217 πάντες.
568 4150 682 4221 Οὐκοῦν,
705 4140 775 4208 εἶπεν
798 4153 812 4207 θ

30 4278 42 4299 ι
59 4245 260 4326 Ἀριστοτέλης,
273 4240 342 4300 κατά
355 4240 385 4297 τὸ
398 4242 449 4297 τῶν
469 4241 610 4318 ῥητορικῶν
623 4235 812 4317 παράγγελμα,

29 4367 41 4392 ι
58 4332 180 4410 τὸγένος
194 4334 272 4389 αὐτοῦ
287 4331 389 4408 πρῶτον
400 4324 550 4402 διέλθωμεν,
556 4323 600 4382 ἵνα
614 4322 651 4401 μὴ
665 4326 812 4400 ἀπειθῶμιν

29 4454 42 4478 a
58 4430 119 4487 τοῖς
135 4424 186 4478 τῶν
201 4418 366 4494 ἀπαγγελῶν
390 4413 564 4480 διδασκάλοις.
607 4410 692 4491 Λέγε,
704 4403 776 4469 εἶπεν
798 4416 813 4469 θ

29 4541 42 4564 ι
63 4506 258 4586 Ὑπερυχίδης,
280 4502 296 4562 δ
312 4528 338 4561 τι
358 4525 399 4562 σοι
415 4502 493 4560 δοκεῖ.
537 4502 661 4565 Κάκεῖνος
680 4498 765 4557 τοίνυν
782 4499 812 4557 τὸ

30 4627 42 4651 π
61 4596 114 4673 μὲν
129 4593 200 4671 γένος
212 4585 244 4663 ἦν
255 4591 381 4657 Ἰουδαῖος
399 4591 485 4659 ἀκτῆς
505 4587 602 4658 Κοίλης
622 4585 731 4666 Συρίας,
742 4576 813 4643 ούτοι

29 4716 42 4737 ι
57 4684 90 4742 δέ
99 4684 169 4739 ἐἰσιν
183 4676 304 4758 ἀπόγονοι
324 4680 374 4735 τῶν
399 4678 425 4733 έν
447 4673 536 4740 Ἰνδοῖς
555 4672 709 4754 φιλοσόφων.
755 4673 812 4731 Κα-

29 4802 42 4823 a
56 4775 169 4829 λοῦνται
180 4765 222 4838 δὲ,
237 4765 273 4831 ὥς
285 4787 373 4845 φασιν,
392 4767 416 4821 οἱ
429 4762 563 4842 φιλόσοφοι
575 4760 648 4840 erupit
660 4758 707 4835 μὲν
725 4759 813 4825 Ἰνδοῖς

30 4890 43 4914 e
61 4855 198 4925 Καλανοί,
219 4853 291 4933 παρὰ
316 4852 343 4910 δὲ
370 4850 462 4928 Σύροις
479 4848 613 4919 Ἰουδαῖοι,
638 4844 750 4920 τοῦνομα
765 4847 812 4902 λα-

29 4977 42 5001 e
57 4941 209 5010 ὅόντεςάπὸ
222 4947 267 5000 τοῦ
280 4940 375 4999 τόπου·
387 4934 607 5018 προσαγορεύεται
620 4932 671 5013 γὰρ
687 4933 715 4991 δν
724 4956 812 4992 κατοι·

29 5066 42 5089 ι
55 5038 136 5093 xedor
160 5028 248 5099 τόπον,
264 5026 388 5087 Ἰουδαία.
435 5025 475 5086 Τὸ
500 5021 527 5081 δὲ
548 5026 594 5091 τῆς
612 5021 711 5087 πόλεως
727 5022 812 5078 αὐτῶν

29 5152 44 5176 ι
61 5120 148 5195 ὄνομα
171 5117 240 5175 πάνυ
264 5114 367 5173 σκολιόν
380 5115 458 5183 ἐστιν,
471 5109 644 5184 Ἰερουσαλὴμ
662 5107 713 5186 γὰρ
733 5106 812 5177 αὐτὴν

30 5240 44 5263 ι
61 5209 199 5267 καλοῦσιν.
240 5192 324 5267 θύτας
336 5194 380 5259 οὖν
396 5200 555 5281 limpore<
576 5194 766 5272 έπεξενούμενός
784 5218 812 5251 τι

144 5316 263 5352 reuersus.
276 5316 300 5351 ιι,

569 461 721 523 CONTRA
742 462 915 522 urionem
935 464 1012 524 [ΑΒ.
1032 467 1057 526 1.

1352 470 1505 552 [ιιι-ιιι]
1566 486 1620 537 sss

852 619 865 644 ι
876 600 998 653 Αίάωοιο
1008 604 1124 667 AEgypltu
1131 610 1156 656 et
1163 606 1208 669 ipsi
1216 606 1366 660 multentur.
1373 610 1427 673 spi
1437 616 1517 663 estem
1527 613 1569 678 qul
1580 614 1624 664 du·

851 706 941 755 «uum
951 694 1149 761 Thermodontem
1166 714 1351 764 armenorum
1363 717 1485 780 recolunt,
1503 722 1527 769 α
1539 720 1622 771 nomm

851 831 865 855 ι
874 816 1014 865 oontermiui
1022 818 1154 879 llneroner,
1164 831 1179 869 ι
1187 820 1312 873 Golcbisse
1319 835 1395 886 nuper
1401 824 1426 874 ld
1434 824 1624 879 didleisseeiunt.

852 940 865 963 ι
876 921 908 971 lli
918 922 982 972 euim
994 935 1023 972 ex
1032 924 1169 975 bominibus
1180 926 1288 977 solisunt
1296 929 1336 991 qui
1355 930 1560 983 circumciduntur
1582 954 1588 983 r
1600 940 1625 987 et

853 1048 865 1071 ι
876 1033 976 1092 ερρωει
983 1043 1024 1080 eos
1040 1031 1084 1081 boo
1095 1032 1171 1083 fruere
1180 1047 1245 1084 more
1256 1036 1339 1085 eodem
1350 1042 1421 1100 utque
1430 1042 1542 1104 AEgyptli.
1557 1046 1623 1105 ipso-

853 1151 866 1174 ι
875 1146 929 1182 rum
939 1146 995 1184 rero
1004 1138 1166 1199 AEgypdorum
1173 1144 1244 1202 etque
1256 1142 1406 1207 AEthiopum,
1416 1158 1463 1194 uon
1475 1160 1536 1208 queo
1546 1148 1623 1199 dicere

853 1257 865 1281 ι
878 1241 964 1290 utrieb
974 1242 1169 1296 utrisdidioeriut.
1177 1266 1189 1290 ν
1201 1247 1267 1298 Dixit
1275 1263 1329 1312 erqo
1338 1255 1409 1313 syros
1417 1254 1458 1315 qui
1468 1254 1492 1303 in
1500 1256 1625 1305 ruostine

853 1362 866 1385 α
878 1348 1086 1407 sunteiroumeidi
1097 1369 1103 1401 :
1113 1355 1220 1404 omnium
1229 1361 1307 1407 eutem
1315 1358 1356 1421 qui
1364 1360 1469 1411 habitent
1476 1363 1624 1413 neminum

852 1461 896 1511 soli
918 1461 995 1511 iudei
1014 1463 1224 1514 cirmrmoiduutur.
1257 1469 1308 1517 iios
1325 1468 1397 1529 igitur
1418 1470 1495 1520 solens
1515 1470 1625 1533 deipsis

852 1568 1024 1629 pronunciavit
1056 1572 1128 1619 Porro
1148 1572 1266 1621 cumulus
1281 1585 1309 1620 ex
1322 1572 1491 1636 antiquioribus
1510 1576 1626 1638 poetlsde

852 1674 921 1733 gente
941 1676 1023 1721 nostre
1040 1673 1162 1743 meminit,
1183 1675 1249 1736 quod
1269 1687 1324 1724 curn
1339 1677 1417 1727 xerxe
1430 1680 1554 1728 Persarum
1572 1692 1627 1741 rege

852 1772 1011 1836 expeditionis
1022 1777 1104 1825 uontn
1114 1779 1212 1826 Grecos
1223 1779 1341 1842 pertieeps
1359 1778 1438 1829 luerit
1470 1784 1550 1838 Quum
1563 1782 1627 1833 enlm

853 1883 936 1941 gentes
947 1891 1031 1929 omnes
1045 1887 1221 1942 enumerasset,
1239 1882 1393 1961 norimimem
1411 1890 1517 1935 usurum
1534 1888 1627 1949 poenit,

852 1982 946 2045 dieses,
1523 1982 1525 1987 ’

906 2121 963 2166 lirin
973 2120 1076 2166 mirende
1085 2122 1159 2177 speeie
1170 2132 1224 2178 gers
1232 2125 1306 2182 cestre
1315 2128 1412 2181 sequente
1418 2129 1464 2181 erl,

906 2190 1040 2236 l’brenleum
1049 2192 1188 2246 ignotoque
1197 2204 1265 2240 τοοοε
1273 2194 1348 2239 ederet
1358 2206 1406 2239 ore.

906 2262 960 2305 lies
969 2262 1073 2317 solymos
1082 2260 1187 2306 bublteus
1197 2265 1286 2308 montes
1293 2266 1399 2320 stagnum
1411 2276 1482 2319 prope
1498 2271 1603 2325 rutum,

904 2329 1058 2373 eirormtousn
1066 2330 1150 2380 eomle,
1160 2332 1273 2385 squalenti
1284 2333 1380 2386 verulus,
1390 2332 1469 2389 equini

905 2397 1001 2441 exuvies
1011 2397 1092 2451 ospitis
1100 2396 1193 2443 domtus
1202 2399 1253 2453 igue
1264 2400 1364 2455 gerebet.
1410 2442 1413 2451 ,

854 2506 932 2556 Putem
941 2520 997 2569 ergo
1012 2512 1061 2567 est,
1070 2507 1249 2571 douterbitror,
1260 2510 1387 2571 omnibus,
1399 2512 1475 2564 nostri
1493 2513 1561 2562 ullum
1578 2525 1624 2562 rue

853 2604 965 2666 misisse,
978 2604 1077 2667 quodsi
1096 2605 1186 2667 solymi
1195 2610 1289 2657 montes
1300 2607 1326 2657 iu
1340 2610 1421 2657 nostre
1436 2611 1530 2671 regione
1539 2618 1596 2663 runt
1605 2614 1629 2662 lu

854 2701 942 2763 quibus
951 2700 1099 2761 habitemus,
1111 2702 1137 2751 et
1151 2701 1222 2765 palus
1230 2690 1285 2766 que
1304 2704 1392 2755 dieitur
1403 2706 1542 2769 Asphaltitis
1553 2723 1559 2757 ι
1579 2711 1631 2761 lure

857 2796 1035 2847 enimomuium
1045 2776 1585 2860 queiusyriesuutlulissimuestetmenime.
1601 2810 1633 2859 Et

854 2897 973 2947 cboerllus
987 2898 1084 2960 quidem
1101 2899 1133 2948 ite
1151 2901 1225 2959 uqstri
1243 2900 1358 2951 meminit
1391 2901 1460 2960 Quod
1480 2904 1561 2953 eutem
1583 2918 1631 2954 non

854 3002 974 3047 noverum
998 2998 1075 3047 solum
1095 2998 1204 3061 iudaeos,
1222 3000 1264 3050 sed
1285 3005 1312 3049 ut
1330 3001 1462 3051 inciderent
1482 3003 1507 3052 in
1526 3016 1568 3053 eos
1588 3004 1632 3053 ud·

854 3096 1010 3158 mirabuntur,
1019 3111 1067 3147 nou
1078 3111 1092 3147 e
1103 3099 1173 3160 vulgo
1183 3100 1259 3151 orori
1265 3132 1273 3157 ,
1283 3100 1323 3150 sed
1334 3101 1514 3165 obrepentium
1525 3104 1629 3154 menime

854 3192 972 3250 oelebres,
983 3194 1106 3243 ostendere
1119 3191 1185 3244 leeile
1196 3200 1240 3243 est.
1274 3196 1403 3245 cisurelrus
1421 3198 1485 3247 enim
1498 3198 1630 3251 Aristotelis

854 3288 999 3352 discipulus,
1010 3295 1034 3339 et
1044 3291 1253 3353 Peripateticorum
1261 3291 1320 3341 nulli
1338 3292 1471 3354 secundus,
1484 3294 1544 3343 libro
1557 3295 1635 3355 primo

855 3385 885 3436 de
895 3388 984 3437 sonum
999 3385 1059 3436 dieis
1080 3384 1232 3435 Aristotelem
1252 3385 1375 3459 doctorem
1398 3400 1469 3437 suoru
1483 3389 1514 3439 de
1529 3392 1633 3452 quodum

856 3485 907 3535 siro
921 3478 1012 3536 iudaeu'
1018 3484 1062 3534 lete
1071 3482 1171 3545 reterre,
1192 3483 1341 3533 Aristotelem
1361 3484 1385 3533 iu
1398 3485 1462 3535 burro
1481 3488 1582 3539 modum
1597 3486 1634 3537 lo·

855 3584 968 3644 quentem
985 3580 1106 3629 innurem.
1122 3584 1158 3630 lte
1169 3583 1250 3629 eutem
1264 3580 1381 3641 seriptum
1402 3584 1447 3630 est.
1481 3599 1495 3623 s
1519 3580 1565 3630 sed
1581 3581 1633 3631 lou·

858 3693 936 3743 egum
948 3684 1012 3729 esset
1033 3691 1127 3728 uerrere
1143 3678 1244 3742 plurime
1265 3690 1272 3725 :
1289 3676 1403 3739 quiequid
1419 3689 1475 3727 vero
1495 3676 1541 3726 hou
1551 3676 1575 3725 iu
1589 3676 1633 3725 lro·

856 3799 869 3822 r
881 3779 946 3829 mine
953 3778 1115 3828 admirationis
1125 3776 1212 3841 aliquid
1224 3778 1310 3827 lubere
1322 3788 1351 3826 ιο
1366 3777 1535 3841 philosophum
1545 3779 1631 3840 supere

857 3894 870 3919 ι
881 3874 985 3935 videtur,
995 3874 1079 3924 eodem
1092 3872 1165 3923 modo
1176 3874 1285 3936 persequi
1296 3874 1354 3923 utile
1364 3873 1443 3925 luerit.
1474 3874 1526 3923 'libi
1536 3878 1632 3934 sulem,

857 3990 869 4013 α
886 3970 1067 4033 llyperoulride,
1080 3973 1107 4019 ut
1118 3974 1198 4033 aperte
1208 3970 1272 4033 quod
1284 3984 1322 4021 res
1337 3975 1374 4020 eet
1385 3970 1476 4031 diuum,
1485 3972 1633 4020 somniorum

857 4090 869 4114 ιι
881 4070 939 4133 quid
960 4071 1078 4134 persimile
1090 4084 1185 4123 uerrere
1195 4072 1302 4122 videbor.
1315 4072 1361 4122 cul
1378 4072 1557 4134 ilyperoebides
1568 4084 1633 4122 rere·

856 4181 870 4208 ι
880 4142 1012 4224 condedit
1027 4164 1072 4214 hee
1082 4164 1134 4227 ipsu
1148 4165 1180 4214 de
1190 4177 1275 4226 ceusu,
1297 4164 1385 4227 iuquit,
1395 4164 1463 4214 nobis
1474 4165 1634 4214 omuibuseu·

857 4277 869 4299 ι
881 4256 961 4306 dieodi
975 4256 1118 4307 desiderium
1127 4256 1211 4308 cietur.
1247 4260 1322 4319 Ergo,
1332 4257 1586 4318 subJ'icitAn'stoteles,
1596 4268 1634 4316 ge·

857 4365 870 4390 ι
882 4360 927 4397 nus
935 4348 1049 4409 bominis,
1060 4347 1232 4410 utprocipiuut
1241 4349 1356 4409 rhetores,
1365 4348 1390 4397 iu
1399 4348 1482 4412 primis
1488 4347 1632 4411 operiemus,

857 4460 870 4486 ι
882 4455 912 4491 ne
924 4442 1008 4491 berum
1019 4442 1181 4491 uerrellouum
1191 4442 1310 4502 magistris
1320 4440 1391 4491 tidem
1405 4441 1556 4503 denegemus.
1594 4442 1631 4489 'lu
1673 4486 1675 4491 ,

858 4554 870 4577 e
884 4534 988 4583 rerorlio
1003 4534 1067 4596 quod
1085 4532 1192 4593 libuerit,
1204 4532 1281 4595 inquit
1297 4532 1483 4595 llyperoclrides.
1516 4533 1559 4583 ille
1576 4546 1633 4595 ergo

857 4647 871 4675 υ
882 4632 952 4692 gente
961 4626 1057 4689 quidem
1068 4626 1167 4676 indueus
1179 4628 1230 4675 erut
1243 4640 1272 4675 ex
1285 4626 1447 4688 coele-syrie:
1465 4628 1504 4676 isti
1516 4639 1573 4676 reru
1583 4627 1631 4677 orl-

857 4744 870 4769 «
882 4726 961 4787 qinein
974 4721 1064 4771 ducunt
1076 4734 1091 4771 u
1105 4722 1251 4785 pbilosophis
1260 4722 1323 4785 epud
1340 4720 1413 4772 iudos
1426 4735 1431 4768 :
1452 4726 1631 4785 velenturque,

858 4838 870 4861 ι
882 4818 991 4878 υιαίοοί,
1000 4816 1200 4880 pbilosophispud
1208 4816 1382 4879 ludosqurderu
1390 4818 1478 4877 cerum,
1486 4828 1549 4878 upuu
1557 4820 1632 4879 Syros

858 4932 871 4957 a
883 4918 962 4963 eutem
973 4910 1162 4971 iudoei,numeu
1179 4924 1193 4960 e
1213 4911 1265 4961 loco
1283 4911 1436 4973 recipientem
1448 4924 1503 4973 quse
1520 4911 1584 4961 enim
1599 4912 1631 4962 eb

858 5011 912 5059 «iis
930 5010 997 5072 regio*
1016 5008 1139 5069 incolitur,
1165 5006 1274 5057 induem
1299 5006 1429 5056 nominent.
1461 5006 1533 5057 Urbis
1550 5010 1630 5057 eutem

858 5127 871 5150 ι
882 5108 988 5169 ipsorum
999 5118 1084 5154 nomeu
1099 5108 1232 5153 ωτιυοιυιιι
1245 5102 1387 5165 admodum
1405 5102 1554 5153 Hieruselem
1565 5101 1629 5151 enim

858 5223 870 5246 e
883 5203 976 5250 uocant.
1010 5199 1131 5261 llieigilur
1140 5199 1292 5261 iromoquuru
1302 5210 1316 5247 u
1327 5197 1444 5261 plerisque
1454 5194 1556 5258 bospitio
1564 5192 1630 5245 enei·

1496 5288 1523 5333 αθ
