3825 6059
102 497 238 571 (ιυιορυινή

101 630 174 685 αὐτοῦ
187 624 367 705 pauperrimi
379 620 415 700 μή
423 621 604 700 προσηκούσης
614 620 713 689 πόλεως
723 620 865 725 ἐξαγαγεῖν.

99 706 139 765 Ti
157 704 185 774 δέ
204 702 327 783 μειράκια
347 700 393 767 τθς
408 704 454 777 μέν
469 698 590 766 διαόολδς
608 699 695 777 ήγνόει
717 722 772 779 παρ
795 698 869 757 δκαί

101 795 193 869 μᾶλλον
212 788 366 871 ἀφυλάκτως
389 787 523 848 ἐνέπιπτον
550 789 640 851 αὐταῖς
655 787 753 859 (οὐδενὶ
778 786 828 867 γὰρ
855 790 868 845 ὁ

25 918 33 935 .
100 880 185 957 πατὴρ
204 880 320 957 φανερῶς
342 872 534 955 ἀπεμέμφετο),
554 874 634 932 συνίει
647 872 675 931 δέ
693 872 761 932 κατδ
777 872 868 953 μικρὸν

75 992 87 1027 ε
101 971 129 1027 ἀι
139 973 181 1025 τοῦ
193 966 328 1045 ψύγματος
339 962 384 1021 καί
395 962 435 1019 ὅτι
448 961 512 1042 πρὸς
523 961 553 1019 τὸ
565 964 662 1021 λυποῦν
678 963 776 1037 μᾶλλον
793 964 869 1037 ἐτρα-

99 1054 196 1133 γύνετο.
241 1050 351 1123 Διέθηκε
369 1050 395 1107 δὲ
410 1050 473 1129 πρὸς
490 1046 557 1107 αὖτδι
571 1048 616 1105 καὶ
633 1047 675 1105 τὸν
692 1052 759 1107 θεῖον
774 1045 869 1125 Φερώ-

102 1122 145 1219 ραν
157 1136 317 1215 Ἀντίπατρος
330 1138 481 1215 ἐχθρωδῶς,
499 1135 544 1194 καί
555 1132 602 1207 τήν
612 1134 703 1207 τηθίδα
723 1132 870 1210 Σαλώμην,

100 1229 133 1293 ῶς
149 1226 178 1283 δν
188 1214 401 1303 γσμετήνούσαν,
417 1223 566 1299 καθομιλῶν
583 1221 624 1280 ἀεὶ
644 1222 689 1279 καί
709 1220 869 1301 παροξύνων,

102 1312 223 1393 Συνήργει
244 1312 272 1369 δὲ
284 1309 329 1369 καὶ
341 1308 404 1389 πρὸς
413 1308 460 1381 τήν
468 1308 562 1380 ταύτης
570 1310 711 1387 ἀπέχθειαν
723 1314 740 1379 ἡ
755 1307 872 1375 Ἀλεξάν·

65 1422 87 1459 ιο
102 1403 158 1479 δρου
177 1397 239 1478 γυνή
255 1395 397 1476 Γλαφύρα,
416 1398 604 1473 γενεαλογοῦσα
622 1394 670 1467 τήν
694 1397 773 1465 αὐτῆς
795 1392 869 1471 εὐγέ-

99 1508 178 1557 νειαν,
192 1486 237 1543 καὶ
255 1488 289 1551 ὡς
308 1486 399 1541 πασῶν
417 1487 468 1539 τῶν
488 1480 556 1541 >rard
573 1482 604 1539 πθ
620 1482 749 1559 βασίλειον
770 1480 810 1552 είη
830 1482 870 1539 δι-

100 1572 269 1643 σπότις,κατθ
279 1570 381 1650 πατέρα
392 1569 439 1647 μὲν
452 1570 503 1628 ἀπὸ
511 1568 644 1645 Τημένου,
655 1568 722 1627 καεδι
736 1566 872 1647 μητέρσδὲ

100 1661 149 1718 α’πδ
160 1658 268 1741 Δαρείου
279 1656 506 1723 autumaretur
520 1648 599 1714 οθσα·
618 1654 704 1713 πολλδ
713 1654 740 1713 δί
747 1654 872 1721 ὠνείδιζεν

100 1750 134 1814 είς
148 1747 294 1823 δυσγένειαν
316 1744 363 1815 τήν
383 1768 412 1803 τε
436 1742 548 1825 ἀδελφήν
563 1742 610 1813 τήν
624 1742 743 1822 Ἡρώδου
769 1742 813 1800 καί
828 1741 874 1807 τὰς

75 1856 86 1891 υ
101 1842 235 1911 γυναῖκας,
253 1823 289 1890 ῶν
313 1831 410 1901 ῖκιίστη
430 1832 462 1889 δι’
482 1830 638 1913 εὐμορφίαν,
652 1832 698 1888 οὐκ
713 1828 765 1888 ἀπὸ
785 1828 873 1907 γένους

104 1923 195 2002 ᾑρέθη·
219 1920 317 1980 πολλαὶ
340 1919 367 1978 δέ
390 1911 473 1994 ήσαν,
498 1922 533 1985 ὣς
554 1917 585 1977 δν
605 1916 739 1999 ἐφιεμένου
764 1938 794 1975 τε
813 1938 873 1975 πα·-

100 2012 172 2090 τρίινς
182 2008 316 2074 Ἰουδαίοις
326 2015 420 2085 γαμεῖν
434 2006 605 2077 πλείους,καί
616 2011 661 2065 τοῦ
678 2004 804 2083 βασιλέως
817 2006 875 2075 ἡδο·

103 2098 174 2175 με’νου
189 2096 323 2168 πλείοσιν,
338 2094 366 2154 αθ
376 2104 460 2154 πᾶσαι
474 2091 517 2152 διδ
529 2094 559 2151 τὸ
573 2092 739 2171 μιγοίλαυγον
748 2096 795 2163 τῆς
804 2094 874 2152 Γλα-

104 2186 181 2266 φύρας
195 2183 241 2243 καί
257 2182 304 2250 τάς
316 2182 446 2263 λοιδορίας
458 2182 563 2258 ἐμίσουν
576 2178 753 2260 Ἀλέξανδρον.

73 2300 91 2333 n
138 2274 170 2350 γ’.
192 2273 249 2343 Τήν
270 2271 296 2330 δέ
311 2268 344 2341 δή
358 2271 506 2347 Σαλώμην,
527 2267 612 2327 καίτοι
627 2266 753 2347 πενθερὰν
774 2257 873 2343 οὖσαν,

105 2362 177 2428 αὐτὸς
188 2358 383 2437 Ἀριστόόουλος
400 2361 485 2438 έαυτῷ
500 2357 693 2427 διεστασίασεν,
711 2354 874 2435 ὠργισμένην

103 2448 144 2507 καὶ
167 2447 292 2526 πρότερον
314 2447 359 2503 ἐπὶ
386 2453 442 2511 ταῖς
466 2447 496 2503 ἐκ
518 2444 659 2525 Γλαφύρας
685 2442 872 2524 βλασφημίαις.

103 2533 224 2602 Ὦνείδιζε
246 2532 296 2613 γάρ
315 2531 466 2611 ιῇγυναικί
486 2534 600 2611 συνεχῶς
623 2531 670 2602 τήν
686 2531 875 2603 ταπεινότητα,

103 2622 144 2681 καὶ
157 2625 191 2687 ὥς
205 2620 281 2686 σύτδς
296 2618 333 2696 μή
349 2620 458 2689 ἰδιῶτιν,
472 2624 487 2677 δ
500 2618 527 2678 δέ
542 2618 651 2699 ἀδελφὸς
663 2621 742 2677 αὐτοῦ
756 2616 877 2687 Ἀλέξαν-

71 2732 92 2769 aa
105 2710 159 2787 Ιδρος
171 2706 258 2785 γήμαι
278 2706 410 2785 βασιλίδα.
449 2708 534 2765 Τοῦτο
556 2704 683 2764 κλαίουσα
705 2703 876 2785 τῇΣαλώμη

104 2795 243 2873 διήγγειλεν
257 2794 410 2873 ήθυγείτηρ.
455 2790 605 2871 Προσετίθει
620 2789 647 2849 δὲ
660 2790 699 2849 δτι
711 2790 756 2848 καί
767 2796 817 2849 τῶν
831 2790 877 2849 ἀλ·

104 2886 152 2941 λων
175 2884 294 2963 ἀδελφῶν
323 2878 370 2947 τδς
393 2879 440 2956 μὲν
469 2876 584 2959 μητέρας
608 2882 736 2937 ἀπειλοῖεν
764 2882 787 2937 οί
818 2879 878 2957 περὶ

105 2970 274 3051 Ἀλέξανδρον,
283 2966 620 3049 ίπειδδινπαραλείόωσιτλν
630 2966 772 3047 βασιλείαν,
778 2970 878 3048 ίστσυρ·

104 3057 161 3136 γοδς
180 3058 237 3135 ἀμα
258 3059 315 3123 ταῖς
343 3054 445 3121 δούλαις
465 3054 592 3125 ποιήσειν,
619 3053 709 3119 αὐτούς
730 3052 756 3111 δέ
782 3058 878 3130 κωμῶν

71 3167 93 3205 ω
104 3149 266 3225 γραμματεῖς
289 3142 492 3209 ἐπισκώπτοντες
516 3147 549 3209 ὡς
570 3140 770 3215 παιδευομένους
788 3144 877 3217 ἐπιμε-

105 3237 160 3301 λῶς.
180 3233 251 3315 Πρὸς
264 3232 281 3290 θ
294 3231 341 3302 τήν
352 3229 431 3311 ὀργήν
443 3232 472 3287 ού
484 3228 633 3308 κατέχουσα
649 3226 766 3304 Σαλώμη
793 3228 879 3286 πάντα

106 3321 246 3398 διήγγειλεν
273 3318 390 3398 Ἡρώδῃ·
416 3316 514 3399 σφόδρα
539 3316 560 3375 δ’
586 3308 618 3387 ήν
643 3315 789 3382 ἀξιόπιστος
813 3315 880 3373 κατὰ

105 3406 222 3489 γαμόροῦ
248 3406 372 3482 λέγουσα.
423 3403 477 3464 Καί
503 3426 541 3469 τις
564 3402 640 3483 ίτίρα
668 3401 777 3473 διαόολὴ
807 3402 881 3461 συνέ-

13 3504 14 3557 t
107 3496 200 3574 δραμεν
225 3498 243 3563 ἡ
270 3492 314 3550 τδν
348 3491 427 3567 θυμὸν
457 3488 647 3549 ύπεκκαύσασα
672 3496 717 3547 τοῦ
747 3489 881 3568 βασιλέως.

13 3592 14 3595 ’
74 3582 218 3643 ειἯκουσε
240 3580 293 3661 γθρ
315 3578 407 3645 αὐτοὺς
428 3582 541 3657 συνεχῶς
559 3578 745 3636 ἀνακαλεῖσθαι
767 3576 815 3653 μίν
833 3576 881 3650 τήν

108 3668 220 3748 μητέρα,
252 3668 298 3726 καὶ
322 3664 491 3743 κατοιμώζειν
521 3662 546 3723 δέ
583 3664 764 3745 ἐπαρωμένους
791 3667 880 3745 αὐτῷ,

107 3757 229 3822 πολλάκις
243 3754 271 3813 ii
287 3757 364 3813 αὐτοῦ
379 3752 534 3818 διαδιδόντος
548 3754 600 3809 τῶν
614 3750 781 3831 Μαριάμμης
805 3752 882 3824 δοθή-

107 3869 155 3903 των
168 3842 228 3903 τινά
245 3846 301 3908 ταῖς
316 3838 543 3919 μεταγενεστέραις
564 3837 694 3916 γυναιῖιν,
715 3842 830 3897 α’πειλεῖν
848 3843 883 3907 ώς

13 3940 15 3981 ἰ
109 3934 163 3990 ἀντὶ
181 3936 233 3991 τῶν
256 3931 398 4009 βασιλικῶν
410 3930 436 3987 έν
450 3925 526 4005 τείχει
539 3926 721 4007 περιθήσουσιν
739 3930 842 3995 ἑαυταῖς
854 3931 884 3987 ῖκ

77 4036 99 4071 ιο
110 4022 204 4097 τριχῶν
221 4014 408 4093 πεποιημένας.

145 4104 179 4165 δ’.
202 4104 254 4165 Διδι
274 4109 357 4161 ταῦτα
377 4101 461 4161 καίτοι
480 4100 510 4160 τὸ
528 4100 648 4183 φρόνημα
671 4105 723 4159 τῶν
744 4101 884 4161 νεανίσκων

111 4192 254 4263 ὑποδείσας,
268 4192 338 4269 ὅμως
351 4193 398 4250 οὐκ
412 4189 544 4249 ἀπέκοπτε
554 4188 600 4261 τὴν
613 4188 705 4248 ἐλπίδα
716 4192 762 4259 τῆς
772 4188 884 4268 διορθώ-

111 4303 189 4357 σεως,
212 4278 280 4339 ἀλλθι
304 4276 548 4359 προσκαλεσάμενος
578 4276 671 4343 αὐτούς
694 4276 754 4359 (καί
778 4275 829 4357 γάρ
850 4279 885 4343 είς

111 4369 218 4446 Ῥώμην
231 4368 382 4429 ἐκπλεύσειν
394 4366 515 4445 ἔμελλε),
530 4366 631 4446 βραχέα
647 4366 693 4444 μέν
702 4365 843 4439 ἠπείλησεν
851 4370 885 4433 ώς

80 4455 248 4534 rapacitate,
270 4454 303 4513 τά
326 4453 412 4513 πολλά
436 4454 462 4513 it
481 4454 643 4526 ίνουθέτησεν
668 4457 702 4520 ὡς
719 4452 816 4533 πατήρ,
842 4477 875 4511 κα

13 4540 14 4545 “
112 4546 191 4624 φιλεῖν
200 4542 259 4610 τοθς
273 4543 397 4623 ἀδελφοὺς
408 4540 567 4621 παρεκύλει,
584 4540 667 4608 διδούς
681 4545 732 4599 τῶν
745 4564 884 4622 προημαρ-

111 4632 228 4709 τημένων
243 4630 350 4708 όφεσιν,
362 4632 384 4688 εἰ
397 4629 461 4709 πρὸς
480 4629 511 4687 τὸ
527 4628 621 4706 μέλλον
632 4629 750 4705 ἀμείνους
763 4626 885 4707 γένοιντο.

13 4790 14 4793 ¹
113 4722 144 4779 Οἱ
156 4718 185 4777 δέ
198 4718 244 4784 τὰς
258 4718 306 4795 μὲν
323 4714 444 4781 tradiit<
459 4714 678 4787 ἀπεσκευάζοντο,
692 4717 742 4793 ψευ
757 4715 807 4779 δεῖς
822 4704 887 4771 ε’ίναι

548 491 599 551 ΒΕ
620 491 744 551 BELLO
764 491 846 553 JUD.
869 490 943 549 atu.
965 493 989 551 l.
1012 492 1091 553 CAP.
1115 492 1220 551 XXtV.

1462 492 1588 570 ιιιιννι
1648 503 1688 555 υ

914 634 972 671 rnna
985 635 1014 671 ea
1025 621 1162 671 civitatium
1172 621 1244 671 ettam
1254 634 1302 670 non
1318 620 1434 683 ευῖήετῑῖε
1444 621 1467 670 ei
1484 620 1567 671 tinaret
1582 622 1692 673 οιῖιιεστσ.

916 708 1082 759 amanam
1092 708 1330 770 antemuuaeoriurini
1338 708 1385 757 atui
1393 708 1449 757 data
1457 708 1672 770 curtismunt
1684 728 1691 758 ε

914 801 1086 859 proptereaque
1096 796 1190 844 inerrate
1207 795 1283 856 magia
1294 795 1319 844 in
1330 807 1360 844 ea
1374 794 1518 844 incidebant.
1550 798 1614 846 itanu
1626 798 1693 858 μῖσ

913 882 943 932 da
954 883 1049 933 nemine
1056 886 1137 944 aperte
1148 886 1365 944 eunomianum,
1375 882 1417 932 aed
1427 895 1456 932 εκ
1469 882 1534 932 ῖίῖίυε
1545 883 1694 946 trigorepau·

914 972 980 1021 latim
998 971 1211 1029 interimeremur
1227 982 1258 1018 ex
1271 983 1300 1019 no
1315 969 1379 1031 quod
1395 970 1425 1018 ad
1439 982 1513 1021 omne
1527 969 1592 1033 qnod
1603 969 1696 1020 dotmet

916 1057 990 1119 magia
1007 1059 1200 1119 exasperabatur.
1234 1061 1307 1107 t’orm
1326 1058 1454 1107 annuum
1469 1071 1564 1121 ηυοηοε
1582 1064 1698 1121 parrum

916 1146 1037 1196 inimicum
1048 1146 1095 1194 ittia
1102 1146 1261 1206 insaniamque
1268 1144 1370 1195 reddidit
1376 1146 1507 1207 antipater,
1515 1149 1575 1195 utet
1583 1147 1695 1195 Satorum

915 1234 1026 1293 amitam,
1041 1248 1096 1282 cnm
1112 1248 1140 1282 ea
1158 1238 1270 1295 tanquam
1288 1246 1344 1281 euru
1365 1246 1440 1280 uxore
1457 1231 1555 1282 anaidua
1571 1245 1696 1283 termnum
1762 1218 1766 1226 ⁴

916 1321 1020 1369 ruiaeena
1029 1326 1053 1369 et
1062 1320 1086 1369 in
1097 1334 1140 1369 eun
1152 1320 1273 1381 instigans.
1289 1320 1430 1369 conterebat
1439 1320 1469 1368 ad
1483 1320 1697 1381 trojuatuimietttaa

916 1409 989 1457 etiarn
1008 1408 1134 1458 Alexandri
1151 1422 1211 1456 naor
1228 1408 1360 1470 (ὶῖερῖιγιε,
1371 1409 1447 1457 nauita
1464 1407 1496 1457 da
1513 1408 1636 1457 uubititate
1651 1420 1697 1457 aua

916 1508 1119 1554 mmmemorana,
1130 1498 1318 1557 caudarumque
1331 1508 1357 1545 aa
1368 1508 1423 1558 nura
1435 1493 1461 1543 in
1470 1489 1534 1557 regia
1545 1500 1697 1544 amarentur

917 1582 1039 1633 dominam
1051 1596 1104 1633 εσσε
1115 1583 1230 1633 dictitans
1240 1588 1268 1633 ut
1276 1596 1332 1645 quaa
1343 1588 1470 1645 patarnnn
1481 1582 1579 1646 quidem
1589 1596 1665 1646 prum
1681 1596 1697 1632 a

916 1676 1034 1733 Temeno,
1047 1678 1181 1721 maternum
1193 1684 1251 1721 τειο
1267 1671 1368 1721 altario
1382 1671 1509 1735 iipatanpia
1525 1670 1576 1720 aaa
1590 1670 1697 1721 duanae

918 1760 993 1809 itntta
1008 1760 1081 1809 etiam
1099 1758 1130 1808 de
1147 1760 1295 1820 ignobilitate
1305 1759 1432 1822 exprobrat
1441 1763 1466 1809 et
1474 1758 1576 1809 tterodta
1586 1758 1662 1808 aorort
1671 1762 1699 1809 at

918 1846 1047 1907 uxorium,
1055 1860 1158 1910 qrrarnm
1167 1859 1270 1909 qumque
1280 1848 1377 1909 propter
1385 1846 1468 1895 torma
1478 1850 1640 1906 venustatem,
1649 1858 1699 1897 rana

917 1934 1314 1997 gmudauobititaterudetertaerat.
1323 1933 1492 1985 tdnttarautem
1500 1934 1699 1997 tuerentutpota

918 2023 983 2086 qnod
998 2023 1080 2073 liceret
1094 2022 1187 2073 induta
1208 2023 1285 2085 patrio
1301 2035 1366 2071 runra
1377 2022 1458 2083 pturea
1470 2022 1570 2081 runem,
1587 2021 1701 2085 quodque

919 2124 961 2161 rex
973 2110 1254 2173 pturtbnadeteetaretnr.
1277 2110 1333 2160 tatia
1342 2110 1454 2159 omnibus
1466 2115 1564 2173 propter
1569 2110 1701 2173 Gtaptryraa

918 2197 1567 2261 snperbiametcontumetiaaiurtanaerataterander.
1720 2246 1725 2253 ,

950 2290 974 2335 3.
992 2288 1065 2334 Porro
1076 2289 1156 2334 autern
1168 2285 1319 2335 aristobutna
1334 2286 1396 2334 inter
1407 2298 1433 2335 ae
1441 2288 1467 2335 et
1481 2285 1608 2342 satomm,
1620 2283 1699 2347 ἱρεῖαι

920 2378 976 2429 lieet
984 2390 1079 2427 aooruur
1089 2416 1097 2439 ,
1107 2378 1233 2427 dissidium
1247 2379 1336 2428 ermrit
1345 2416 1352 2440 ,
1361 2385 1430 2428 antea
1442 2380 1515 2430 etiarn
1529 2392 1560 2428 ex
1570 2377 1698 2441 Glaphyrai

922 2474 1057 2524 maledictio
1073 2476 1109 2523 ira
1122 2488 1257 2523 nucerinam.
1290 2478 1436 2536 Frequenter
1452 2475 1516 2525 enirn
1530 2475 1598 2524 uxori
1609 2474 1702 2537 objicio·

921 2571 962 2622 irat
973 2572 1068 2635 ςεοετῖε
1082 2572 1257 2631 inunitatem,
1273 2572 1387 2634 quodque
1397 2572 1447 2635 ipae
1458 2572 1556 2633 uiridem
1568 2570 1700 2633 privatam,

922 2669 1059 2719 tratervero
1071 2669 1266 2733 ejupaterauder
1283 2668 1389 2729 regirum
1407 2666 1528 2715 diruerat:
1545 2666 1569 2715 id
1586 2664 1651 2729 quod
1660 2669 1702 2716 Sa·

922 2764 993 2815 torum
1009 2779 1065 2813 curu
1084 2766 1140 2828 θρῖα
1159 2764 1282 2813 nunciavit
1298 2762 1354 2812 titia
1399 2762 1530 2823 adjicietur
1544 2762 1616 2811 etiam
1636 2762 1701 2825 quod

922 2862 986 2911 idom
1004 2862 1138 2911 Alexander
1159 2864 1185 2911 et
1201 2860 1354 2911 aristobulus
1373 2860 1539 2909 minitarentur
1557 2872 1584 2908 ae
1603 2872 1703 2923 reguum

922 2957 1021 3020 adeptos
1028 2956 1448 3007 atiorumtratrnrumatreaaimititar
1455 2954 1618 3017 aquarum·
1624 2955 1703 3005 teutri-

924 3066 964 3101 σου
976 3064 1029 3101 onae
1040 3052 1160 3111 tanturm,
1177 3052 1261 3100 fratrea
1277 3064 1334 3101 rero
1352 3052 1444 3101 aoribaa
1462 3064 1580 3113 paganos,
1591 3064 1634 3100 eoa
1650 3050 1703 3101 irrt·

924 3149 1022 3207 deutea,
1040 3146 1106 3208 quod
1122 3146 1248 3207 diiigenter
1266 3146 1342 3195 literia
1359 3146 1462 3195 instituti
1480 3145 1576 3195 irrerlut.
1609 3145 1704 3204 onibus

923 3244 1014 3293 irritata
1025 3244 1120 3293 Satome
1129 3256 1205 3306 qunru
1219 3244 1277 3292 iraru
1291 3242 1401 3291 corripere
1413 3256 1461 3291 nou
1474 3242 1606 3305 potrriaaet,
1616 3244 1704 3291 cunata

925 3339 1014 3389 iterodi
1027 3340 1186 3388 renunciavit.
1220 3338 1276 3387 Fide
1289 3340 1370 3385 antem
1380 3336 1450 3399 digna
1461 3336 1590 3385 admodum
1603 3336 1702 3386 rtdetra·

925 3438 978 3497 tur,
991 3434 1122 3497 praesertim
1135 3433 1159 3481 iu
1171 3433 1200 3481 iia
1216 3445 1271 3495 qaam
1289 3434 1372 3480 eontra
1382 3444 1495 3491 generum
1512 3430 1609 3480 dioeret
1640 3433 1704 3490 Quid

925 3531 949 3580 et
960 3529 1005 3579 atia
1015 3528 1116 3579 aeaemit
1131 3528 1282 3588 criminatio,
1295 3540 1350 3590 quae
1361 3526 1424 3575 tanea
1433 3526 1533 3586 subjecit
1542 3527 1623 3575 animo
1633 3527 1703 3590 regia.

925 3625 1093 3675 Audiriteuim
1101 3661 1109 3685 ,
1118 3624 1184 3687 ipaoa
1192 3624 1274 3673 erebro
1288 3630 1388 3672 matram
1398 3623 1540 3684 inclamare,
1550 3628 1576 3672 et
1588 3624 1706 3685 uiritantea

926 3720 990 3771 diraa
1008 3722 1167 3785 eiimprarari
1184 3736 1190 3769 ε
1207 3734 1271 3783 impe
1288 3720 1377 3781 etiam,
1398 3734 1474 3782 quum
1493 3720 1532 3769 itte
1547 3720 1657 3782 quadarn
1673 3734 1704 3773 aa

927 3819 1068 3867 itariamuea
1079 3818 1228 3868 emtimentis
1236 3817 1403 3879 nuperiuribna
1413 3816 1536 3865 divideret
1546 3816 1706 3877 ooningitun,

927 3915 1012 3965 minari
1029 3914 1114 3965 onlitoa
1128 3928 1182 3965 ease
1191 3914 1253 3977 quod
1263 3914 1312 3963 nito
1324 3914 1407 3964 ciliciia
1416 3927 1460 3976 pro
1471 3914 1579 3962 reatibua
1589 3912 1661 3975 neptia
1670 3912 1705 3961 tu·

929 4009 1068 4059 duerentur.

959 4110 982 4155 t.
1000 4110 1098 4169 t’ropter
1113 4107 1159 4155 ista
1177 4106 1282 4155 tterndea
1296 4106 1385 4155 etatum
1402 4104 1457 4153 tinet
1465 4104 1583 4167 iuvenum
1598 4104 1707 4155 animum

929 4190 1104 4250 subrueretur,
1119 4204 1164 4238 nou
1180 4196 1259 4238 tamen
1279 4202 1346 4249 artem
1367 4188 1412 4237 aiut
1428 4187 1543 4249 amaran,
1564 4186 1595 4237 de
1607 4187 1656 4236 titia
1674 4186 1706 4238 ad

929 4272 1015 4321 bonam
1025 4273 1116 4333 trugem
1128 4270 1276 4320 reduoeudia.
1288 4270 1419 4319 i'erumeia
1427 4270 1457 4318 ad
1470 4282 1497 4317 au
1508 4268 1599 4318 romtia
1607 4269 1706 4331 (etenim

930 4358 1030 4404 ttouraru
1046 4354 1198 4415 navigaturus
1214 4354 1279 4410 erat)
1300 4365 1375 4415 paam
1387 4352 1486 4414 quidem
1498 4352 1548 4401 titia·
1555 4353 1659 4400 minatus
1669 4353 1707 4400 eat

876 4453 887 4511 γ
931 4442 957 4485 ιιι
973 4435 1110 4493 ιει,ιιιυ1ίι
1122 4448 1177 4483 reru
1197 4448 1239 4483 eoa
1256 4434 1350 4482 monuit
1369 4436 1397 4482 ut
1410 4436 1485 4495 pater,
1498 4432 1609 4494 atquaad
1622 4433 1707 4481 tratraa

930 4518 1060 4580 ditigendoa
1074 4518 1222 4576 hortabatur,
1234 4516 1282 4566 ῖΙΙῖε
1291 4516 1377 4566 θσῖῖοιε
1387 4515 1506 4577 preterita
1514 4514 1666 4573 ooudouaua,
1677 4528 1706 4565 ea

930 4600 982 4660 tage
993 4602 1021 4648 nt
1038 4599 1062 4646 in
1076 4602 1196 4661 posteram
1216 4598 1327 4649 metiorea
1342 4596 1479 4645 eraderent.
1512 4596 1549 4647 nn
1562 4602 1642 4647 autem
1653 4610 1708 4649 aeae

931 4683 1027 4745 quidem
1045 4682 1259 4731 acriminitrnsaibi
1269 4679 1369 4739 obiectio
1379 4678 1524 4740 purgatuut,
1539 4680 1707 4731 aamentitaet

931 4761 989 4810 tutan
1000 4774 1054 4809 onae
1072 4760 1190 4819 dieentea,
1207 4772 1258 4809 ιυιο
1277 4771 1333 4807 vero
1344 4758 1476 4808 defensioni
1497 4758 1568 4809 tidem
1584 4772 1615 4809 ex
1634 4760 1706 4810 renna

13 4804 15 4863 ί
116 4810 246 4884 λέγοντες,
268 4801 449 4863 πιστώσασθαι
467 4802 495 4860 δὲ
514 4801 560 4872 τὴν
575 4802 720 4879 ἀπολογίαν·
735 4808 787 4866 τοῖς
806 4799 888 4880 ἔργοις
932 4842 990 4903 ,μὴ
1001 4838 1401 4901 wnsumiemnmlqueimm
1415 4852 1472 4888 m
1483 4837 1570 4888 debere
1585 4839 1648 4888 viam
1662 4838 1707 4887 ob·

13 4984 15 5001 .
83 4912 103 4949 ⁵⁰
116 4894 240 4975 giflm'
266 4892 317 4951 δεῖν
341 4888 428 4967 μέντοι
450 4891 566 4949 ’‘infin''
589 4888 762 4969 ἀποφράττειν
784 4885 831 4954 τὰς
844 4888 888 4946 λθ·
932 4918 1254 4980 εερῖιοίῖοιῖεεοιοιοιιῖυοε,
1268 4916 1633 4968 ittiatrandtemereoredendo:
1647 4930 1707 4965 nun·

115 4986 243 5061 γοποιῖας,
265 4983 303 5059 τῷ
321 4978 358 5056 μή
381 4976 510 5036 πιστεύειν
526 4976 626 5059 ῥαδίως·
640 4978 669 5033 οθ
683 4972 734 5054 γδρ
748 4972 887 5053 ἐπιλείψειν

13 5114 14 5117 ,
116 5072 170 5137 τοθς
181 5065 425 5149 καταψευσομένους
441 5067 539 5137 αθτῶν,
560 5064 607 5133 ἕως
627 5062 658 5122 δν
672 5066 686 5120 θ
699 5061 848 5138 πειθόμενος
858 5052 887 5141 ή.

152 5158 181 5215 ε’.
203 5154 312 5221 Τούτοις
324 5157 359 5220 ῶς
370 5152 471 5231 πατέρα
481 5150 615 5217 πείσαντες
626 5148 726 5228 ταχέως
741 5148 786 5207 τὸν
801 5148 847 5226 μέν
861 5151 888 5207 ἀν

119 5244 189 5325 ιγεραῖ
203 5242 282 5323 φόθον
296 5238 490 5321 διεκρούσαντο,
505 5237 552 5311 τήν
567 5236 595 5296 δέ
609 5235 685 5305 είςτδι
698 5236 825 5314 μέλλοντα
837 5232 887 5293 λύ-

934 5012 1008 5062 qnam
1018 4998 1082 5047 enim
1100 4996 1222 5045 detutnrna
1235 5008 1288 5044 ease
1308 4994 1431 5045 urendania
1441 4995 1465 5044 in
1484 4996 1550 5058 ipaoa
1564 4992 1706 5043 mutuarer

933 5090 1005 5139 qnam
1016 5074 1056 5123 diu
1068 5073 1116 5122 aiut
1126 5071 1214 5135 ηιιῖῖκιε
1223 5086 1250 5122 ea
1258 5072 1425 5136 persuadeant.

965 5162 987 5204 5.
1006 5158 1086 5212 Quum
1096 5150 1149 5200 tatia
1167 5162 1238 5210 enm,
1249 5155 1334 5213 utpute
1349 5153 1455 5212 ριειοιιι,
1471 5150 1520 5198 aito
1534 5145 1705 5209 pianriaaant,

933 5245 1075 5309 prumiam
1091 5238 1186 5305 quidem
1208 5244 1299 5288 metum
1317 5236 1473 5299 deputarunt,
1494 5234 1525 5284 da
1544 5232 1632 5284 tutum
1649 5244 1707 5287 raro
