3825 6059
319 502 338 552 ⁴
769 470 773 484 '
887 481 1100 543 rnnrino.

369 619 402 689 3.
413 623 440 688 E
453 623 608 689 Drxrrro
625 617 819 723 fragmenta
833 594 899 684 tria
914 612 1049 683 inedita
1057 611 1102 682 dc
1118 597 1369 682 obsidionibus
1387 615 1656 711 Marcianopolis
1668 631 1700 686 et

322 737 581 836 Philippopolis
594 751 631 806 et
644 735 746 805 Sides
762 732 877 830 (Cod.
900 731 959 801 tot.
975 736 1020 827 74
1037 756 1087 800 vs.
1104 771 1150 782 -
1167 729 1213 825 76
1229 729 1306 823 vs).

368 866 401 947 4.
416 865 444 929 Ε
460 865 605 930 Poxxrn
619 857 712 929 libro
729 856 896 964 vicesimo
908 855 1026 951 primo
1041 850 1276 956 fragmentum
1293 850 1337 920 de
1354 851 1545 922 obsidione
1562 855 1702 924 Ambra-

318 979 397 1069 ciae,
414 980 513 1078 quod
526 981 600 1074 jam
613 1001 824 1049 noveramus
841 1001 883 1047 ex
897 977 1038 1046 Herone
1060 980 1112 1042 lic
1129 973 1308 1042 toleranda
1325 971 1517 1058 obsidione,
1536 963 1633 1044 un'de
1649 975 1702 1045 de

318 1118 502 1194 promtum
519 1103 611 1172 inter
627 1099 818 1194 Polybiane
831 1111 954 1167 nostra
970 1093 1107 1186 legitur.
1136 1091 1229 1160 Nihil
1248 1093 1332 1160 novi
1356 1093 1598 1189 apographum
1616 1119 1702 1189 prae-

325 1225 392 1296 bet.
410 1220 577 1314 (Codicis
589 1217 714 1288 folium
730 1217 766 1285 in
778 1215 968 1311 postremis
985 1212 1129 1283 duobus
1146 1212 1350 1306 fragmentis
1367 1237 1440 1282 non
1460 1215 1632 1310 notatur.)

369 1341 400 1413 5.
418 1347 468 1412 Ex
482 1345 619 1412 Eusmnr
633 1339 867 1409 Historiarum
882 1337 975 1406 libro
991 1359 1089 1406 nono
1103 1333 1246 1404 initium
1258 1334 1442 1428 fragmenti
1454 1334 1499 1405 de
1514 1334 1703 1406 obsidione

320 1459 595 1531 llressalonices.

368 1587 463 1652 lnter
481 1578 615 1650 inedita
636 1578 743 1672 igitur
756 1575 1007 1648 desiderantur
1022 1579 1059 1647 in
1076 1577 1280 1674 apographo
1295 1592 1372 1646 turn
1389 1578 1523 1674 Polybii
1540 1579 1702 1674 fragmen·

323 1719 399 1774 turn
414 1701 459 1772 dc
473 1705 722 1796 Syracusarum
735 1697 941 1783 obsidione,
958 1714 1036 1768 tum
1051 1725 1128 1794 quae
1142 1699 1187 1770 de
1202 1700 1280 1769 aliis
1295 1698 1436 1769 duabus
1451 1699 1704 1773 obsidionibus

322 1825 490 1911 ePriscO,
504 1821 676 1892 historico
695 1821 751 1890 sui
771 1820 880 1890 seculi
898 1822 1202 1920 praestantissimo,
1223 1836 1385 1916 excerpta
1413 1821 1449 1890 in
1473 1821 1596 1892 codice
1615 1821 1703 1919 lege-

323 1947 474 2126 bagiildd
489 2040 615 2112 attinet
629 2038 773 2109 titulum
786 2037 883 2127 libri,
899 2041 1069 2135 Πολιορκίαι
1085 2035 1233 2134 διαφόρων
1248 2041 1366 2124 πόλεων
1384 2024 1522 2134 (Sidgcs
1538 2039 1580 2110 de
1597 2040 1702 2137 dissc'-
1734 2101 1739 2108 .

321 2177 435 2234 rentes
446 2159 588 2255 vrttes),
608 2184 716 2256 quem
732 2160 838 2229 etiam
852 2160 1025 2257 excerptis
1049 2162 1122 2230 suis
1144 2161 1258 2230 Minas
1281 2159 1445 2256 praesrxit,
1465 2176 1526 2230 aut
1541 2162 1620 2233 loco
1637 2188 1703 2233 suo

322 2255 442 2354 motus
458 2282 530 2354 huc
544 2282 723 2376 migravit,
737 2296 798 2352 aut
811 2305 893 2379 pars
906 2296 959 2352 est
971 2282 1214 2378 inscriptionis
1229 2282 1314 2351 olim
1332 2282 1519 2352 uberioris.
1533 2283 1704 2355 Videlicet

321 2406 438 2501 priora
448 2405 642 2500 fragmenta
657 2426 731 2474 non
744 2403 789 2474 de
799 2402 1051 2474 obsidionibus
1064 2418 1183 2500 agunt,
1197 2403 1258 2473 sed
1276 2402 1320 2474 de
1335 2404 1466 2500 proeliis
1482 2405 1558 2496 sive¹
1568 2409 1633 2502 περὶ
1647 2435 1703 2474 πα-

323 2529 481 2624 ρατάξεων.
493 2525 702 2620 Cujusmodi
721 2525 979 2621 descriptiones
1000 2525 1036 2594 in
1056 2501 1179 2596 eddice
1196 2525 1277 2619 (fol.
1302 2528 1405 2622 ¹·7l)
1422 2526 1629 2621 legebantur
1650 2529 1701 2596 vi-

322 2651 411 2745 giuti
426 2674 503 2738 sex,
514 2649 568 2719 uti
580 2673 676 2718 exeo
685 2647 861 2742 colligitur
871 2644 970 2743 quod
986 2646 1073 2715 locis
1087 2644 1230 2718 duobus
1245 2671 1264 2716 e
1277 2646 1444 2742 Polyaeno
1457 2650 1629 2744 excerptis
1643 2649 1702 2718 ad·

321 2765 527 2842 scribuntur
539 2770 679 2840 numeri
695 2767 735 2838 rc'
752 2783 788 2858 et
802 2769 861 2847 xr'.
874 2769 936 2839 His
948 2766 1094 2838 demum
1112 2766 1284 2837 absolutis
1296 2782 1420 2839 auctor
1435 2767 1479 2838 ad
1497 2768 1702 2840 obsidiones

323 2890 465 2979 transit,
478 2915 566 2986 quas
579 2888 777 2960 introducit
791 2889 907 2960 verbis
924 2915 932 2958 :
949 2887 1087 2958 bescela
1103 2888 1152 2956 ἐπὶ
1169 2886 1221 2966 τὰς
1235 2889 1407 2982 πολιορκίας
1423 2898 1492 2958 κτλ.
1509 2888 1633 2958 Facilis
1643 2890 1704 2983 igi-

324 3024 384 3080 tur
391 3004 548 3105 suspicio
556 3023 608 3079 est
623 3007 698 3079 haec
705 3009 977 3104 nepirrepardieor
987 3021 1023 3076 et
1038 3010 1109 3103 ssepi
1124 3017 1302 3104 πολιορκιῶν
1312 3009 1426 3103 capita
1438 3008 1544 3079 ambo
1557 3009 1592 3077 in
1601 3009 1704 3078 titulo
1765 3031 1769 3040 ·

323 3127 440 3224 operis
454 3125 540 3197 olim
553 3141 847 3213 commemorata,
859 3126 975 3222 iisque
985 3126 1239 3222 generaliorem
1252 3127 1523 3223 inscriptionem
1536 3131 1606 3224 Περὶ
1619 3158 1705 3225 στρα-

321 3257 432 3343 τηγιῶν
448 3245 556 3315 fuisse
570 3244 797 3340 praemissam.
814 3251 860 3316 Ac
877 3246 998 3315 nescio
1012 3271 1056 3316 an
1072 3273 1114 3318 ex
1131 3248 1234 3318 istis:
1252 3254 1343 3318 Sans
1358 3248 1481 3344 parler
1499 3247 1560 3318 des
1580 3255 1705 3321 stratb-

316 3366 396 3467 gics
416 3379 451 3438 et
466 3367 525 3438 des
538 3367 664 3461 sie‘ges,
688 3365 903 3437 concludere
924 3365 1043 3456 liceat,
1063 3369 1101 3438 in
1118 3369 1197 3464 ipso
1216 3368 1339 3439 codice
1360 3383 1484 3440 nostro
1501 3372 1633 3441 Minam
1648 3373 1704 3441 in·

322 3489 553 3585 scriptionem
567 3489 637 3582 Περὶ
660 3498 847 3583 στρατηγιῶν
868 3488 1050 3584 reperisse.
1066 3492 1152 3559 Utut
1168 3505 1236 3579 est,
1256 3489 1327 3561 hoc
1341 3505 1435 3561 certe
1453 3507 1594 3562 constat
1612 3493 1705 3563 inter

322 3610 446 3681 titulos
460 3609 720 3705 quinquaginta
736 3625 807 3679 tres
822 3609 1136 3680 Constantinianos
1158 3635 1273 3680 unum
1295 3611 1401 3682 fuisse
1428 3619 1481 3682 Dc
1503 3631 1580 3683 arte
1595 3621 1704 3712 impc-

322 3735 464 3804 mtorr‘a.
480 3724 659 3802 Nimirum
677 3731 715 3801 in
731 3729 834 3801 titulo
846 3732 917 3827 Περὶ
931 3742 1057 3826 γνωμῶν
1073 3731 1118 3801 ad
1132 3731 1241 3803 finem
1255 3732 1441 3828 fragmenti
1456 3733 1501 3804 ad
1514 3727 1650 3831 Polybii
1667 3734 1706 3808 li·

323 3849 431 3926 brum
444 3867 581 3922 sextum
596 3852 807 3947 pertinentis
818 3867 1002 3948 excerptor
1011 3853 1214 3950 adscripsit:
1227 3859 1320 3930 Zdrn
1335 3860 1363 3924 ἐν
1376 3868 1420 3942 τῷ
1432 3859 1500 3952 περὶ
1512 3860 1703 3955 στρατηγίας.

323 3978 421 4072 (pag.
437 3971 506 4068 370
520 3972 576 4043 ed.
592 3973 679 4066 Mai)
690 3970 736 4067 C)
745 3975 868 4067 Neque
878 3969 972 4042 ullus
985 3971 1128 4064 dubito,
1139 3977 1226 4072 quin
1239 3976 1430 4070 fragmenta
1445 3992 1565 4048 nostra
1580 4003 1599 4048 e
1614 3984 1705 4050 Con-

323 4094 549 4168 stantinianis
570 4093 641 4163 illis
665 4089 795 4189 eclogis
818 4095 1116 4188 promanaverint.
1143 4096 1255 4184 Quid,
1278 4095 1377 4192 quod
1399 4097 1545 4167 ulterius
1562 4123 1704 4194 progre-

323 4216 495 4289 diendum
506 4239 583 4286 esse
594 4213 708 4310 possit
718 4213 840 4284 videri.
856 4216 996 4284 Etenim
1008 4240 1119 4311 quum
1135 4217 1171 4285 in
1183 4215 1316 4288 codicis
1327 4219 1439 4288 nostri
1449 4217 1542 4289 foliis
1557 4219 1704 4316 singulis

323 4338 472 4411 totidem
485 4334 556 4409 fere
567 4337 670 4407 lineae
684 4337 936 4407 contineantur
948 4350 1054 4432 atque
1069 4336 1107 4404 in
1118 4336 1295 4406 Vaticanis
1310 4339 1381 4432 Περὶ
1397 4350 1525 4432 γνωμῶν
1541 4351 1575 4407 et
1590 4338 1626 4408 in
1641 4343 1706 4408 Va-

322 4458 464 4531 lesianis
477 4460 547 4556 ssepi
561 4457 671 4556 ἀρετῶν
682 4450 830 4552 eclogis,
841 4472 1008 4553 praeterea
1018 4445 1216 4527 verceliam
1226 4455 1408 4530 vocabulis
1418 4457 1613 4547 nonnullis,
1627 4483 1704 4554 quae

323 4579 368 4650 ad
382 4579 516 4650 codicis
529 4576 806 4649 similitudinem
823 4578 936 4647 Minas
958 4575 1138 4673 depinxit,
1160 4580 1336 4674 scriptura
1355 4578 1528 4675 prodatur
1543 4581 1575 4650 ei
1597 4603 1704 4676 quarn

364 4771 396 4846 f)
410 4773 533 4827 Titulum
546 4773 590 4826 De
600 4772 830 4842 conjurationibus
841 4772 870 4825 in
882 4771 1016 4826 Escuridi
1027 4789 1044 4825 a
1057 4770 1165 4827 chero
1179 4782 1323 4844 repertum
1334 4781 1362 4827 et
1377 4771 1546 4845 exscriptum
1560 4771 1617 4828 dici
1629 4791 1692 4828 mo-

323 4876 386 4931 nuit
394 4873 521 4932 Schmidt
531 4872 722 4954 [Desbmibus
733 4888 795 4935 vett.
808 4887 891 4932 auctt.
901 4880 929 4929 in
938 4894 1015 4934 narr.
1027 4877 1147 4950 expedit.
1162 4878 1237 4932 Gall.
1245 4895 1278 4950 p.
1291 4875 1338 4946 323
1349 4877 1472 4931 Berulin.
1488 4875 1559 4942 1831.
1567 4881 1589 4944 ).
1602 4879 1706 4934 Verum

324 4979 565 5054 qrrnmhuenequc
573 4979 644 5034 nihil
656 4978 780 5036 redenis
788 4978 922 5047 ediderit,
934 4979 1023 5034 oculis
1035 4980 1150 5052 quidem
1159 4999 1321 5054 usurpasse,
1340 4999 1400 5035 non
1414 4998 1483 5036 vero
1499 4981 1582 5036 etiarn
1602 4983 1707 5036 exscri-

326 5086 408 5156 psisse
425 5083 529 5140 librum
542 5083 662 5140 videtur.
678 5085 736 5139 Nos
749 5101 890 5156 speramus
900 5083 976 5152 lore,
990 5087 1021 5140 t'lt
1032 5086 1063 5141 E.
1078 5083 1280 5156 M1xxxu,viri
1294 5083 1460 5154 doctissimi,
1473 5101 1560 5158 opera
1574 5094 1602 5140 et
1612 5083 1706 5140 studio

335 5188 540 5261 conjurationes
552 5189 609 5244 ista
619 5187 784 5262 propediem
797 5189 826 5242 in
840 5188 929 5243 lucem
944 5187 1154 5262 protrahantur.
