3825 6059
77 364 213 439 (risurus.)

74 587 169 661 θροιζεν.

513 368 564 429 ΒΕ
584 370 707 431 BELLO
727 372 808 433 Juu.
831 375 901 435 LlB.
922 379 973 439 Ν.
996 382 1073 443 CbP.
1096 386 1147 445 lx.

74 496 141 575 γέρας
154 495 180 551 δέ
195 494 346 575 ἐλευθέροις,
358 494 415 592 robe
433 499 594 576 πανταχόθεν
610 501 736 582 πονηροὺς
749 503 835 574 συνή-

1425 406 1549 485 [anama]
1591 420 1648 471 217

880 518 955 567 serris
964 521 1069 572 libertato
1074 526 1197 587 promissa,
1207 528 1311 594 itemque
1318 532 1396 586 libaria
1405 543 1511 605 praemio,
1521 546 1649 609 improbus,

878 617 939 665 quos
950 608 1054 669 undique
1064 614 1168 673 poterat,
1181 620 1344 681 congregabat.

107 670 137 728 ον.
153 668 201 733 Ὧς
213 669 240 725 δὲ
255 658 286 738 δη
299 671 369 748 αὐτῷ
380 670 503 749 καρτερὸν
514 670 564 741 ἤδη
580 673 610 729 τὸ
624 673 776 752 σύνταγμα,
789 676 835 743 τὰς
907 694 932 742 i.
949 698 1029 751 Quum
1046 702 1125 747 aulem
1134 701 1183 761 lam
1196 704 1284 753 validas
1294 708 1419 759 contlasset
1434 714 1526 775 coplas,
1547 718 1649 779 τεμοσῑε

75 758 116 814 tvi
128 758 173 825 τὴν
188 755 289 835 ὀρεινὴν
303 756 393 832 κώμας
407 757 574 837 κατέτρεχεν·
595 762 635 821 σἰεί
650 762 676 820 δέ
695 786 833 843 apamio.

877 785 1074 834 montanarium
1089 787 1223 839 incursibus
1235 794 1355 857 vastabat;
1374 800 1527 863 quotidieque
1542 804 1651 865 pluribus

53 870 62 903 ς
74 845 146 918 μένων
161 845 231 922 αὐτῷ
242 843 377 915 πλειόνων,
388 844 488 925 ἐθάρρει
501 846 667 906 καταθαίνειν
680 852 715 915 είς
729 850 760 907 τὰ
773 857 835 930 χθα·
876 878 930 915 sese
938 869 960 915 ei
972 869 1171 936 adjungentibus,
1183 878 1286 927 audebat
1300 882 1371 931 etiam
1385 884 1408 932 in
1422 886 1542 947 planitiem
1554 890 1650 940 descen·

74 931 208 1009 μαλώτερα.
253 931 372 1002 Κάπειδὴ
388 933 494 989 πόλεσιν
506 934 556 1005 ἤδη
568 935 674 1015 ροδερδς
686 930 731 1008 ἦν,
742 938 833 996 πολλοὶ
876 953 941 1002 dere.
955 960 988 1005 Αο
997 964 1122 1019 postquam
1130 962 1178 1023 jam
1188 964 1573 1037 lactusestciritatibuaterrlbilis,
1581 979 1649 1029 multi

73 1018 126 1094 πρὸς
143 1019 190 1087 ala
210 1016 287 1095 ἰσχὺν
309 1019 353 1075 καὶ
366 1017 414 1088 τὴν
432 1016 532 1097 εὔροιαν
551 1023 603 1077 τῶν
624 1022 833 1101 κατορθωμάτων
876 1054 905 1088 ex
916 1043 1077 1105 optimatibus,
1088 1048 1140 1109 ejus
1153 1053 1256 1113 potentia
1274 1054 1391 1106 sollicitati
1404 1061 1428 1107 et
1438 1064 1556 1123 prosperis
1569 1078 1649 1115 rorum
1704 1036 1711 1053 Ι

73 1105 202 1183 ίρθείροντο
215 1104 332 1163 δυνατοί·
353 1105 398 1163 καί
414 1105 499 1164 οὖκάτι
513 1099 544 1178 ἦν
558 1108 656 1167 δούλων
680 1109 756 1185 μόνω
774 1110 833 1169 οὐδὲ
875 1130 1138 1193 successibus,adeum
1150 1138 1454 1195 malosuoseconlerebaut
1468 1148 1589 1213 :adeoque
1601 1166 1648 1203 non

72 1194 161 1269 λῃστῶν
178 1190 301 1269 στρατὸς,
319 1192 445 1250 diiudicari
459 1195 604 1271 δημοτικῶν
621 1198 668 1253 οὐκ
680 1197 772 1274 ὀλίγων
778 1243 786 1270 ,
797 1202 832 1265 ῶς
875 1216 978 1277 amplius
994 1232 1116 1271 servorum
1134 1226 1226 1274 tautum
1246 1232 1288 1277 aut
1305 1218 1421 1281 latronum
1440 1236 1558 1286 exercitus
1580 1243 1648 1300 erat,

45 1310 62 1343 u
72 1279 123 1356 πρὸς
147 1278 253 1355 βασιλέα
286 1279 504 1358 πειθαρχούντων.
560 1284 708 1363 Κατέτρεχε
732 1285 759 1342 δὲ
784 1286 831 1355 riu
875 1304 916 1352 sed
934 1307 1062 1356 multorum
1080 1309 1110 1359 de
1126 1313 1258 1373 populo,ei
1278 1316 1390 1378 tauquam
1408 1322 1456 1381 regi
1472 1322 1644 1375 obedientium.

72 1365 252 1443 Ἀκραθατηνην
270 1366 417 1443 τοπαρχίαν
440 1368 534 1425 καὶτὰ
554 1368 631 1449 μέχρι
646 1374 692 1440 τῆς
716 1371 831 1448 μεγάλης
875 1394 1032 1444 Εκοιιτείοοεε
1043 1400 1122 1445 auteur
1133 1398 1231 1448 iaciebat
1249 1401 1451 1456 luborabateuann
1465 1412 1611 1471 toparchiam
1623 1420 1647 1463 et

72 1450 212 1525 Ἰδουμαίοις.
256 1452 334 1510 Κατθ
348 1454 399 1531 γάρ
410 1451 502 1530 κώμην
513 1456 570 1512 stt&
584 1457 746 1532 καλουμένην
761 1453 830 1517 Ναίν
873 1480 1021 1542 inmajorem
1034 1496 1109 1545 usque
1123 1486 1260 1537 idumeam.
1293 1492 1352 1539 llam
1369 1492 1399 1541 ad
1415 1494 1495 1544 vicum
1512 1498 1646 1559 quendam,

71 1540 141 1616 τεῖχος
152 1538 350 1604 κατασκευάσας
363 1538 452 1618 ῶσπερ
471 1542 585 1622 ρρουρίιρ
603 1543 667 1623 πρὸς
687 1545 829 1622 άσράλειαν

70 1630 160 1703 ἐχρῆτο·
188 1625 257 1685 κατὰ
283 1627 310 1685 δὲ
336 1626 382 1697 τὴν
400 1628 495 1707 dupin
514 1632 770 1710 προσαγορευομένην
784 1632 830 1713 ρά·

43 1735 157 1790 ηραγγα,
177 1714 263 1771 πολλὰ
293 1712 340 1791 μέν
366 1714 504 1792 ἀνευρύνας
532 1716 665 1793 σπήλαια,
689 1718 774 1776 πολλδι
802 1718 828 1777 δδ

873 1568 911 1617 cui
923 1572 1085 1632 uomeullaln,
1095 1586 1170 1635 quum
1180 1590 1275 1626 murum
1284 1581 1449 1641 exstruxisset,
1461 1596 1503 1645 pro
1514 1586 1610 1635 castello
1622 1587 1646 1635 in

873 1656 910 1703 sui
923 1657 1072 1705 securitatem
1083 1659 1184 1711 babebat
1200 1683 1206 1712 :
1224 1664 1248 1712 iu
1264 1664 1325 1715 valle
1337 1671 1416 1717 aulem
1436 1677 1569 1739 uuucupata
1584 1674 1645 1723 l’ba-

873 1756 925 1800 ran,
933 1756 1007 1804 quum
1017 1744 1103 1793 multas
1112 1748 1208 1809 quidem
1216 1750 1316 1802 laxiores
1325 1754 1550 1819 lecissetspeluncaa,
1559 1761 1646 1810 multas

69 1799 136 1876 ῑῦρὼν
155 1798 259 1876 &timi
284 1800 409 1875 ταμιείοις
431 1805 525 1881 ἐχρῆτο
552 1809 687 1886 dqcuupi‘u
712 1806 756 1863 καί
783 1811 829 1875 οἷς
873 1842 929 1878 vero
946 1834 1039 1891 paratas
1050 1832 1228 1896 inuenisset,iu
1241 1838 1289 1889 illis
1299 1841 1422 1891 tbesauros
1434 1856 1491 1893 suos
1503 1846 1645 1897 recondebat

69 1886 127 1951 λείας
146 1887 293 1966 ἐκδοχείοις·
312 1888 420 1946 ἀνετίθει
440 1889 467 1946 δὲ
490 1890 534 1947 καί
554 1891 611 1958 τοὺς
635 1892 827 1973 ἁρπαζομένους

28 2014 29 2019 ,
70 1976 97 2038 εἰς
114 1974 174 2031 αὐτὰ
195 1974 328 2055 καρποὺς,
346 1974 372 2032 οἵ
390 1998 418 2033 τε
438 1978 529 2036 πολλοί
551 1983 602 2037 τῶν
620 1980 705 2057 λόχων
727 1981 827 2039 δίαιταν

70 2052 126 2138 ιίχον
138 2064 161 2118 ἐν
174 2062 292 2128 ἐκείνοις·
306 2064 383 2132 δῆλος
396 2064 422 2121 δὲ
435 2056 466 2134 ἦν
478 2065 508 2122 τό
522 2089 549 2123 τί
569 2067 703 2143 σύνταγμα
722 2090 828 2147 ''W’‘

42 2171 60 2206 ω
70 2150 155 2222 μνάζων
168 2150 212 2207 καὶ
224 2150 273 2215 τὰς
286 2149 452 2227 παρασκευὰς
463 2151 532 2211 κατά
544 2158 596 2211 τῶν
608 2152 803 2233 Ἱεροσολύμων.

100 2236 126 2295 ε’.
138 2234 213 2295 Ὅθεν
230 2239 254 2293 ol
273 2236 407 2311 ζηλωταί,
421 2238 549 2305 δείσαντες
566 2243 643 2297 αὐτοῦ
658 2242 704 2310 τὴν
725 2243 828 2299 ἐπιδου-

69 2320 113 2390 lia,
129 2323 168 2379 καὶ
185 2322 328 2401 προλαὸεἶν
346 2322 495 2401 βουλόμενοι
507 2325 550 2383 τδν
564 2331 622 2383 κατ’
637 2330 720 2385 αὐτῶν
731 2330 824 2409 τριρό-

70 2430 138 2479 μενον,
156 2409 236 2477 ἐξίασι
261 2409 330 2486 μετὰ
351 2414 403 2468 τῶν
425 2411 510 2470 ὅπλων
530 2416 554 2472 οἱ
571 2415 682 2481 πλείους.
724 2414 824 2476 Ὕπαν-

69 2496 132 2561 παίζει
153 2498 178 2554 δὲ
200 2497 305 2572 Σίμων,
328 2497 372 2555 καί
393 2499 622 2578 παραταξάμενος,
644 2502 752 2580 συχνοδς
777 2528 825 2578 μεν

42 2593 60 2629 η
69 2583 136 2639 αὐτῶν
149 2587 264 2664 α’ναιρεῖ,
283 2585 430 2644 συνελαύνει
445 2584 471 2643 δὲ
484 2587 542 2654 τοὺς
556 2589 657 2655 λοιποὺς
669 2592 704 2654 εἷς
714 2588 761 2660 rba
777 2613 823 2648 πο·

68 2668 107 2727 λιν.
140 2670 218 2729 Οὔπω
238 2671 267 2729 δὲ
293 2676 392 2753 θαρρῶν
413 2678 445 2751 τῆ
459 2675 566 2750 δυνάμει
579 2682 624 2733 τοῦ
640 2677 686 2753 μὲν
701 2681 753 2743 τοῖς
770 2679 823 2735 τεί-

68 2774 114 2829 Ιγετι
127 2750 280 2834 προσύαλεῖν
301 2760 451 2838 ἀπετράπη,
463 2760 639 2841 χειρώσασθαι
659 2763 685 2820 δὲ
699 2763 822 2842 πρότερον

69 2841 104 2910 τὴν
118 2842 258 2919 Ἰδουμαίαν
279 2846 428 2906 ἰπεύάλετο.
470 2849 524 2908 Καὶ
542 2848 573 2919 δὴ
588 2851 735 2929 δισμυρίους
753 2851 821 2929 ἔχων

68 2930 154 2996 δπλίτας
164 2932 275 3002 ἤλαυνεν
288 2933 330 2991 tut
344 2932 401 2999 τοὺς
414 2934 486 3013 όρους
501 2939 588 3006 αὐτῆς.
615 2940 649 2995 Οἱ
664 2936 690 2995 δέ
702 2937 822 3017 άρχοντες

41 3035 58 3072 ω
70 3018 108 3071 τῶν
120 3017 265 3095 Ἰδουμαίων
281 3020 349 3078 κατὰ
364 3020 442 3099 τάχος
459 3022 621 3103 ἀθροίσαντες
635 3028 664 3081 ἐκ
677 3029 722 3094 τῆς
734 3025 821 3104 χώρας

67 3101 282 3181 τδμαχιμῶτατσν,
297 3107 356 3187 περὶ
369 3111 591 3197 πεντακισχιλίους
603 3111 647 3168 καὶ
658 3111 820 3190 δισμυρίους,

67 3188 112 3255 τοὺς
122 3193 145 3249 δὲ
157 3195 266 3261 πολλοὺς
279 3194 401 3262 ἐάσαντες
414 3206 530 3277 ρρουρεῖν
542 3196 574 3255 τδι
587 3197 696 3278 σρέτερα
713 3199 754 3255 διδι
774 3198 821 3265 τὰς

68 3279 107 3333 τῶν
119 3281 141 3335 ἐν
161 3285 277 3362 Μασάδᾳ
302 3283 426 3362 σικαρίων
446 3284 627 3364 καταδρομάς,
646 3285 763 3363 ἐδέχοντο
776 3288 819 3343 τὸν

70 3363 159 3433 Σίμωνα
168 3369 229 3447 πρδς
242 3378 299 3436 τοῖς
309 3368 384 3451 ὅροις.
425 3369 508 3431 Ἔνθα
524 3372 666 3447 συμύαλῶν
678 3375 763 3439 αὐτοῖς
775 3374 820 3431 καί

39 3450 91 3505 all
106 3452 158 3524 ὅλης
167 3458 321 3531 πολεμήσας
336 3458 437 3539 ἡμέρας
455 3459 513 3519 οὔτε
526 3457 665 3531 νενικηκὼς
683 3460 739 3518 οὔτε
754 3484 820 3518 νενι·

67 3538 153 3609 κηρίνας
171 3545 296 3618 διεκρίθη.
338 3546 392 3605 Καί
415 3550 429 3604 θ
450 3546 497 3622 μὲν
517 3548 551 3612 εἷς
570 3546 618 3615 τὴν
640 3541 722 3615 Ναίν,
747 3550 770 3604 οἱ
792 3546 819 3604 δδ

67 3619 184 3701 Ἰδουμαῖοι
201 3632 354 3702 διελύθησαν
378 3632 418 3691 ἐπ’
435 3634 516 3694 οἴκου.
558 3634 612 3694 Καὶ
634 3635 691 3711 μετ’
706 3637 734 3691 οὐ
753 3634 819 3692 πολὺ

67 3709 138 3785 Σίμων
158 3718 250 3792 μείζονι
273 3719 379 3796 δυνάμει
401 3721 480 3779 πάλιν
500 3724 535 3787 εἰς
549 3720 596 3791 τλν
619 3721 708 3800 χώραν
733 3724 817 3779 αὐτῶν

66 3795 166 3873 ὅρμητο·
180 3809 464 3885 στρατοπεδευσάμενος
483 3806 509 3867 δὲ
523 3808 590 3865 κατά
608 3832 666 3866 τινα
686 3808 818 3884 κῶμην,ἣ

41 3888 139 3946 auoit
152 3896 281 3962 καλεῖται,
305 3894 367 3971 πρὸς
389 3896 446 3962 τοὺς
471 3899 496 3953 ἐν
520 3895 655 3976 Ἡρωδείῳ
679 3901 818 3977 φρουροὺς,

66 3970 114 4051 ὅπερ
122 3968 149 4047 ἦν
158 3981 278 4056 πλησίον,
288 3981 445 4061 Ἐλεάζαρόν
455 4007 512 4039 τινα
525 3987 575 4040 τῶν
586 3982 693 4062 ἑταίρων
703 3984 818 4063 ἔπεμψε,

66 4063 165 4123 πείσοντα
178 4072 338 4146 παραδοῦναι
353 4070 381 4126 τὸ
403 4068 497 4147 ἔρυμα.
540 4074 639 4128 Τοῦτον
661 4073 684 4127 ol
707 4065 819 4150 φύλακες

67 4148 153 4222 ἑτοίμοις
167 4155 298 4225 ἐδέξαντο,
312 4156 358 4224 τὴν
378 4157 462 4212 αἰτίαν
476 4159 624 4233 άγνοοῶντες
642 4158 674 4213 δι’
697 4158 729 4227 ἥν
749 4156 817 4225 ἥκοι·

67 4237 213 4313 Ιοθεγξάμενον
241 4242 269 4300 δὲ
289 4244 347 4321 περὶ
365 4243 531 4321 παραδόσεως
554 4243 658 4301 ἐδίωκον
682 4246 818 4320 σπασάμε-

41 4338 58 4374 aa
67 4340 94 4374 ’σι
106 4323 132 4378 τί
145 4324 217 4404 ξίρη,
231 4327 309 4405 μέχρι
322 4334 402 4406 ’,συγῆς
418 4329 495 4387 τόπον
509 4333 555 4387 ούκ
573 4328 639 4407 έχων
652 4329 753 4411 ἔρριψεν
767 4332 818 4388 άπὸ

68 4412 100 4460 τῶ
111 4410 200 4489 τείχους
216 4416 306 4473 ἑαυτὸν
322 4420 356 4481 είς
368 4416 413 4486 τὴν
425 4416 596 4492 ὑποκειμένην
610 4418 740 4497 ράραγγα.
765 4420 817 4477 Καὶ

68 4493 78 4543 ὃ
91 4493 129 4563 μὲν
141 4502 227 4557 αὐτίκα
237 4505 361 4582 τελευτᾷ,
371 4506 421 4569 τοῖς
434 4502 460 4561 δέ
470 4503 642 4578 Ἰδουμαίοις,
657 4505 707 4575 ἤδη
722 4528 817 4580 κατορ-

69 4581 157 4648 ρωδοῦσι
176 4588 220 4657 τὴν
240 4589 315 4668 ἰσχὺν
329 4598 373 4648 τοῦ
394 4591 523 4665 Σίμωνος,
547 4592 615 4658 ἔδοξε
627 4591 677 4669 πρὸ
690 4598 735 4648 τοῦ
749 4615 817 4665 συμ-

68 4662 138 4724 laisla
151 4676 359 4754 κατασκέψασθαι
379 4678 426 4746 rip
446 4678 568 4756 capitatim
588 4683 640 4735 τῶν
653 4678 792 4751 πολεμίοιν.

42 4766 59 4801 ²⁴⁴¹
97 4755 125 4815 τ’.
142 4760 182 4824 lile
195 4768 268 4821 τοῦτο
283 4763 310 4820 δὲ
320 4765 451 4842 ὑπηρέτην
466 4765 558 4821 ἑαυτὸν
572 4764 680 4838 ἑτοίμως
700 4764 817 4821 ἐπεδίδου

69 4835 186 4917 'lienem’
198 4840 232 4915 εἷς
243 4854 294 4907 τῶν
312 4851 454 4928 ἡγεμόνιον,
469 4853 609 4932 προδοσίαν
622 4849 814 4924 ἐνθυμούμενος.

69 4920 183 5002 Ὁθέηίοος
202 4942 261 5012 γοῶν
278 4938 329 4995 σἰπδ
348 4943 394 5007 τῆς
414 4938 534 5017 Ἀλούρου
554 4938 635 5014 (κατδι
650 4936 699 5015 γάρ
720 4937 816 5005 ταύτην

70 5014 209 5094 συνήθροιστο
222 5029 268 5092 τὴν
282 5024 373 5099 κῶμην
389 5026 446 5083 τότε
458 5032 509 5083 τῶν
524 5026 676 5101 Ἰδουμαίων
690 5024 720 5081 τὸ
735 5023 816 5101 στρά-

70 5108 391 5189 ἲευμοι”,ιταραγίνεταιπρὸς
399 5112 515 5188 Σίμωνα,
523 5104 679 5192 καὶπρῶτην
687 5114 755 5189 αὐτῷ
762 5133 814 5195 παρ

872 1919 1010 1981 praedasque
1032 1920 1173 1984 recipiebam
1192 1926 1264 1975 etiarn
1285 1927 1390 1991 direptos
1404 1931 1495 1981 tructus
1510 1934 1557 1982 illic
1577 1948 1645 1997 repo-

871 2007 954 2069 nebat,
965 2010 1082 2073 multique
1094 2026 1106 2061 e
1126 2012 1262 2063 colrortibua
1278 2015 1328 2064 suis
1338 2018 1412 2066 sitam
1422 2018 1446 2066 in
1463 2020 1508 2068 illis
1524 2022 1626 2083 agebant
1638 2044 1644 2072 :

871 2094 1013 2157 minimeque
1029 2098 1180 2148 dubitabatur
1193 2100 1251 2162 quin
1266 2102 1346 2165 copias
1358 2116 1415 2152 suas
1433 2114 1602 2168 praeexerceret
1619 2114 1644 2159 et

869 2186 997 2242 apparatus
1006 2182 1092 2232 taceret
1103 2190 1128 2233 ut
1141 2186 1304 2248 Hierosolyma
1311 2188 1483 2250 aggrederetur.

901 2268 1004 2317 suade
1022 2270 1120 2319 iusidias
1141 2272 1192 2332 ejiis
1208 2274 1276 2323 ueriti
1295 2276 1390 2336 zeloim,
1402 2283 1426 2325 et
1443 2280 1574 2340 praevenire
1587 2294 1643 2330 eum

868 2368 909 2429 qui
920 2371 1001 2419 muira
1013 2384 1039 2419 se
1051 2372 1140 2421 viribus
1156 2372 1276 2421 crescebat
1289 2374 1426 2436 cupientes,
1440 2372 1544 2439 ple'rique
1560 2382 1643 2429 armati

801 2504 807 2525 ,
868 2465 1027 2527 egrediuntur.
1037 2470 1078 2517 llis
1087 2472 1166 2517 autern
1178 2472 1258 2519 Simon
1269 2472 1386 2531 occurrit,
1397 2475 1572 2538 commissoque
1584 2492 1643 2540 pne·

805 2590 812 2609 1
868 2566 996 2617 liomultos
1005 2570 1101 2629 quidem
1114 2571 1208 2621 illorum
1225 2573 1326 2635 occidit,
1338 2575 1442 2637 reliquos
1458 2579 1547 2627 veroin
1559 2580 1642 2631 urbem

866 2665 995 2726 compellit.
1028 2669 1060 2716 ut
1073 2668 1177 2716 trundum
1188 2669 1276 2719 viribus
1288 2669 1377 2731 fideus,
1395 2686 1408 2721 a
1426 2686 1548 2724 murorum
1564 2690 1642 2739 oppu-

866 2764 975 2823 guntione
984 2765 1500 2835 deterrebatur:atqueantequamidlaceret,
1508 2774 1640 2825 idumaeam

866 2863 991 2925 subjugare
1000 2866 1124 2927 cogitabat.
1158 2870 1304 2930 ltaquecum
1317 2854 1400 2949 aigirrji
1412 2874 1557 2921 armatorum
1572 2874 1642 2923 milli·

865 2961 910 3011 bus
922 2963 952 3011 ad
966 2964 1022 3013 dues
1038 2966 1089 3025 eius
1102 2966 1249 3029 properabat.
1284 2967 1443 3018 ldummorum
1463 2973 1543 3019 autem
1556 2972 1641 3035 prlncl·

866 3075 914 3122 pes,
924 3064 1103 3125 pugnacissimis
1110 3066 1139 3113 ad
1149 3037 1340 3129 vigintiquinque
1348 3068 1421 3116 millia
1429 3082 1513 3129 magna
1521 3072 1640 3121 celeritate

864 3175 878 3209 e
890 3164 983 3223 regione
996 3164 1149 3224 congregatis,
1161 3166 1257 3226 reliquis
1268 3180 1323 3214 vero
1332 3170 1357 3215 ut
1367 3182 1409 3215 stra
1419 3172 1542 3217 tuerentur
1552 3169 1640 3219 relictis

865 3261 960 3321 propter
980 3260 1116 3309 sicariorum
1141 3261 1164 3307 in
1180 3260 1275 3309 blasada
1287 3232 1451 3324 excursiones,
1470 3266 1590 3315 Simonem
1609 3267 1639 3315 ad

864 3356 922 3403 tiues
929 3368 986 3403 suros
997 3356 1153 3417 excipiebant.
1168 3357 1214 3405 Ubi
1221 3371 1250 3407 eo
1259 3358 1305 3407 illis
1316 3372 1455 3420 congresso,
1466 3374 1540 3422 quum
1550 3376 1591 3425 per
1601 3368 1637 3411 to·

864 3451 1635 3513 iumdienrpugnatumessel,dubiuu1eratutrurnuictoranrictus

864 3545 1007 3597 discesserit.
1041 3550 1070 3595 Et
1089 3548 1127 3595 ille
1143 3547 1239 3610 quidem
1251 3548 1274 3597 iu
1289 3549 1348 3599 llalu
1365 3550 1444 3611 τίουσι
1454 3587 1461 3611 ,
1472 3552 1569 3603 idumei
1583 3566 1640 3603 vero

865 3642 964 3691 domum
979 3644 1075 3704 regressi
1087 3649 1150 3695 aunt.
1182 3648 1234 3694 lton
1246 3646 1321 3695 multo
1334 3649 1413 3695 autem
1423 3653 1477 3710 post
1488 3649 1568 3697 Simon
1582 3662 1638 3699 cum

865 3730 1078 3792 majoribusccpiis
1094 3732 1117 3779 in
1135 3744 1216 3781 eorum
1235 3734 1353 3794 regionem
1373 3734 1459 3783 ilerum
1478 3736 1562 3797 irrupit
1580 3756 1585 3785 :
1600 3750 1639 3786 ca·

863 3827 965 3889 atrisque
983 3828 1006 3876 in
1018 3826 1121 3888 quodam
1133 3828 1186 3875 vico
1196 3863 1203 3886 ‚
1214 3828 1253 3875 cui
1270 3840 1356 3877 nomen
1369 3830 1478 3890 Tlrecoe,
1492 3831 1576 3892 positis
1586 3868 1593 3890 ,
1604 3831 1634 3880 ad

862 3923 974 3971 custodes
986 3922 1085 3971 llerodei
1095 3961 1102 3984 ,
1114 3922 1176 3984 quod
1188 3938 1234 3971 non
1248 3924 1315 3984 longe
1329 3924 1423 3983 aberat,
1435 3926 1571 3974 Eleazarum
1584 3940 1636 3975 suo·
1672 3928 1676 3938 ’

863 4034 915 4067 rum
929 4018 1045 4080 quendam
1065 4020 1182 4067 sociorum
1198 4020 1278 4079 misit,
1290 4026 1317 4068 ut
1329 4022 1501 4069 munimentum
1514 4022 1635 4071 traderent

863 4124 1040 4172 persuasurum.
1075 4115 1144 4160 llunc
1157 4112 1206 4161 sine
1216 4126 1282 4161 mora
1296 4128 1404 4188 recepere
1418 4116 1540 4175 custodes,
1557 4130 1637 4165 causac
1720 4136 1722 4141 ·

863 4208 934 4256 nescii
951 4222 994 4256 cur
1013 4209 1115 4258 uenisset
1130 4222 1222 4270 ·,quum
1242 4216 1321 4258 autem
1337 4210 1368 4261 de
1385 4211 1507 4259 traditione
1523 4212 1635 4271 loquutus

861 4307 937 4363 esset,
949 4302 1037 4351 strictis
1054 4304 1136 4362 gladiis
1152 4317 1206 4351 eurn
1225 4304 1427 4365 persequebantur
1447 4320 1454 4352 τ
1476 4304 1551 4353 donec
1570 4303 1633 4365 tage

862 4402 938 4449 locum
951 4415 997 4449 non
1015 4403 1145 4462 reperiens,
1158 4402 1267 4450 demum
1286 4402 1310 4449 in
1326 4403 1411 4450 vallem
1428 4400 1560 4461 subjectam
1582 4414 1635 4449 sese

861 4496 967 4556 projecit.
982 4498 1010 4545 Et
1028 4497 1066 4545 illc
1081 4496 1177 4557 quidam
1196 4498 1274 4543 sialirn
1294 4498 1404 4553 moritur;
1424 4496 1535 4544 idumaeis
1553 4500 1633 4545 autent

862 4595 966 4643 Simonis
979 4594 1041 4640 uires
1054 4592 1235 4639 formidantibus
1248 4592 1350 4653 placuit,
1360 4592 1499 4652 priusquam
1513 4591 1563 4639 acic
1574 4604 1631 4639 con-

860 4688 1024 4750 grederentur,
1036 4687 1156 4748 «explorare
1169 4686 1272 4733 bostium
1283 4686 1371 4745 cuprius.

890 4782 913 4823 6,
928 4774 963 4823 bd
977 4776 1022 4822 boc
1039 4776 1118 4821 aulem
1134 4786 1159 4821 se
1173 4772 1307 4820 ministrum
1323 4770 1431 4847 alacriter
1439 4772 1553 4822 offerebat
1564 4776 1635 4825 taco-

860 4862 920 4920 bus,
932 4875 995 4909 unius
1013 4874 1027 4909 e
1044 4860 1203 4922 principibus,
1217 4860 1247 4907 de
1261 4858 1394 4921 proditioue
1405 4859 1519 4921 cogitans.
1552 4864 1634 4924 itaqua

859 4948 890 4995 ab
901 4948 973 4997 ΑΙιιτο
984 4949 1100 5009 proiectus
1111 4946 1151 5007 (in
1163 4947 1208 4995 boc
1224 4948 1312 5008 quippe
1328 4946 1381 4994 vico
1396 4947 1500 4996 coluerat
1513 4947 1630 4998 ldumoeu·

860 5045 912 5079 nun
922 5032 1064 5091 exercitus),
1077 5032 1107 5079 ad
1117 5032 1238 5081 simonem
1249 5032 1328 5093 uenit;
1342 5034 1493 5096 primumque
1500 5046 1525 5082 se
1532 5034 1632 5095 patriam

860 5116 1634 5195 suameiproditurumessepaciacitur,idaturoJurandoacceptm
