<?xml version="1.0" encoding="UTF-8"?>
<!DOCTYPE html PUBLIC "-//W3C//DTD XHTML 1.0 Transitional//EN"
    "http://www.w3.org/TR/xhtml1/DTD/xhtml1-transitional.dtd">
<html xmlns="http://www.w3.org/1999/xhtml" xml:lang="en" lang="en">
 <head>
  <title>
</title>
<meta http-equiv="Content-Type" content="text/html;charset=utf-8" />
  <meta name='ocr-system' content='tesseract 3.04.00' />
  <meta name='ocr-capabilities' content='ocr_page ocr_carea ocr_par ocr_line ocrx_word'/>
</head>
<body>
  <div class='ocr_page' id='page_1' title='image "./operagraeceetla00dindgoog/operagraeceetla00dindgoog_0050.png"; bbox 0 0 3825 6059; ppageno 0'>
   <div class='ocr_carea' id='block_1_1' title="bbox 234 403 1899 522">
    <p class='ocr_par' dir='ltr' id='par_1_1' title="bbox 234 403 1899 522">
     <span class='ocr_line' id='line_1_1' title="bbox 234 403 1899 522; baseline -0.008 -31"><span class='ocrx_word' id='word_1_1' title='bbox 234 442 269 491; x_wconf 80' lang='grc' dir='ltr'>νο</span> <span class='ocrx_word' id='word_1_2' title='bbox 332 429 450 506; x_wconf 61' lang='grc' dir='ltr'>(σειν.)</span> <span class='ocrx_word' id='word_1_3' title='bbox 665 426 1406 491; x_wconf 76' lang='lat' dir='ltr'><strong>Terrore.nonnn01·n1nn.n.nen.1.</strong></span> <span class='ocrx_word' id='word_1_4' title='bbox 1620 513 1622 522; x_wconf 27' lang='grc' dir='ltr'>Ι</span> <span class='ocrx_word' id='word_1_5' title='bbox 1723 436 1813 509; x_wconf 54' lang='grc' dir='ltr'>ρης,</span> <span class='ocrx_word' id='word_1_6' title='bbox 1898 403 1899 456; x_wconf 78' lang='lat'><em>3</em></span> 
     </span>
    </p>
   </div>
   <div class='ocr_carea' id='block_1_2' title="bbox 230 560 1819 900">
    <p class='ocr_par' dir='ltr' id='par_1_2' title="bbox 230 560 1819 900">
     <span class='ocr_line' id='line_1_2' title="bbox 231 560 1817 645; baseline -0.003 -20"><span class='ocrx_word' id='word_1_7' title='bbox 231 572 281 625; x_wconf 80' lang='grc' dir='ltr'>τιῗνν</span> <span class='ocrx_word' id='word_1_8' title='bbox 304 566 354 645; x_wconf 83' lang='grc' dir='ltr'>γάρ</span> <span class='ocrx_word' id='word_1_9' title='bbox 377 565 433 624; x_wconf 89' lang='grc' dir='ltr'>καθ’</span> <span class='ocrx_word' id='word_1_10' title='bbox 455 562 544 621; x_wconf 82' lang='grc' dir='ltr'>ἑαυτὸν</span> <span class='ocrx_word' id='word_1_11' title='bbox 565 560 668 641; x_wconf 77' lang='grc' dir='ltr'>ἐκράτει</span> <span class='ocrx_word' id='word_1_12' title='bbox 687 562 717 619; x_wconf 87' lang='grc' dir='ltr'>τίν</span> <span class='ocrx_word' id='word_1_13' title='bbox 739 563 812 621; x_wconf 82' lang='grc' dir='ltr'>λαιὸν</span> <span class='ocrx_word' id='word_1_14' title='bbox 832 562 899 641; x_wconf 81' lang='grc' dir='ltr'>ἔχων</span> <span class='ocrx_word' id='word_1_15' title='bbox 920 561 1006 641; x_wconf 80' lang='grc' dir='ltr'>κε’ρας.</span> <span class='ocrx_word' id='word_1_16' title='bbox 1051 570 1505 619; x_wconf 78' lang='grc' dir='ltr'>Ινειενίῑ;ινιιινοεουοι1νοθεοε1αενυυν</span> <span class='ocrx_word' id='word_1_17' title='bbox 1513 570 1722 633; x_wconf 82' lang='lat' dir='ltr'><strong>eomneppositna</strong></span> <span class='ocrx_word' id='word_1_18' title='bbox 1730 571 1774 620; x_wconf 85' lang='lat' dir='ltr'><strong>sibi</strong></span> <span class='ocrx_word' id='word_1_19' title='bbox 1782 584 1817 620; x_wconf 83' lang='lat' dir='ltr'>so·</span> 
     </span>
     <span class='ocr_line' id='line_1_3' title="bbox 231 648 1818 730; baseline -0.003 -18"><span class='ocrx_word' id='word_1_20' title='bbox 231 652 341 713; x_wconf 84' lang='grc' dir='ltr'>Ἔπειτα</span> <span class='ocrx_word' id='word_1_21' title='bbox 346 650 500 730; x_wconf 86' lang='grc' dir='ltr'>προσπεσὼν</span> <span class='ocrx_word' id='word_1_22' title='bbox 506 658 557 714; x_wconf 86' lang='grc' dir='ltr'>τοῖς</span> <span class='ocrx_word' id='word_1_23' title='bbox 565 648 866 727; x_wconf 80' lang='grc' dir='ltr'>διώκουσιθίιθραδάτην,</span> <span class='ocrx_word' id='word_1_24' title='bbox 875 649 1008 707; x_wconf 81' lang='grc' dir='ltr'>ἀπέκτεινέ</span> <span class='ocrx_word' id='word_1_25' title='bbox 1055 660 1187 719; x_wconf 87' lang='lat' dir='ltr'><strong>perarerat.</strong></span> <span class='ocrx_word' id='word_1_26' title='bbox 1199 658 1258 707; x_wconf 88' lang='lat' dir='ltr'><strong>Deio</strong></span> <span class='ocrx_word' id='word_1_27' title='bbox 1268 657 1361 707; x_wconf 82' lang='lat' dir='ltr'><strong>teetoin</strong></span> <span class='ocrx_word' id='word_1_28' title='bbox 1370 671 1411 706; x_wconf 89' lang='lat' dir='ltr'>eos</span> <span class='ocrx_word' id='word_1_29' title='bbox 1421 657 1568 720; x_wconf 83' lang='lat' dir='ltr'><strong>impetu,qni</strong></span> <span class='ocrx_word' id='word_1_30' title='bbox 1576 658 1818 720; x_wconf 78' lang='lat' dir='ltr'><strong>itithmdatemperae</strong></span> 
     </span>
     <span class='ocr_line' id='line_1_4' title="bbox 230 734 1818 814; baseline -0.002 -17"><span class='ocrx_word' id='word_1_31' title='bbox 230 762 259 797; x_wconf 93' lang='grc' dir='ltr'>τε</span> <span class='ocrx_word' id='word_1_32' title='bbox 268 736 394 814; x_wconf 73' lang='grc' dir='ltr'>πολλοὺς,</span> <span class='ocrx_word' id='word_1_33' title='bbox 407 737 452 796; x_wconf 82' lang='grc' dir='ltr'>καὶ</span> <span class='ocrx_word' id='word_1_34' title='bbox 464 735 542 813; x_wconf 85' lang='grc' dir='ltr'>με’χρι</span> <span class='ocrx_word' id='word_1_35' title='bbox 553 734 674 793; x_wconf 81' lang='grc' dir='ltr'>τοσούτου</span> <span class='ocrx_word' id='word_1_36' title='bbox 695 734 752 799; x_wconf 83' lang='grc' dir='ltr'>τοὺς</span> <span class='ocrx_word' id='word_1_37' title='bbox 774 736 1008 812; x_wconf 78' lang='grc' dir='ltr'>καταλειπομένους</span> <span class='ocrx_word' id='word_1_38' title='bbox 1052 748 1191 805; x_wconf 83' lang='lat' dir='ltr'><strong>querentur,</strong></span> <span class='ocrx_word' id='word_1_39' title='bbox 1201 749 1226 794; x_wconf 88' lang='lat' dir='ltr'>et</span> <span class='ocrx_word' id='word_1_40' title='bbox 1236 746 1327 794; x_wconf 82' lang='lat' dir='ltr'><strong>mnites</strong></span> <span class='ocrx_word' id='word_1_41' title='bbox 1341 744 1429 793; x_wconf 81' lang='lat' dir='ltr'><strong>oecirtit</strong></span> <span class='ocrx_word' id='word_1_42' title='bbox 1437 749 1462 794; x_wconf 90' lang='lat' dir='ltr'>et</span> <span class='ocrx_word' id='word_1_43' title='bbox 1477 745 1579 807; x_wconf 78' lang='lat' dir='ltr'><strong>reliquos</strong></span> <span class='ocrx_word' id='word_1_44' title='bbox 1590 757 1699 807; x_wconf 78' lang='lat' dir='ltr'><strong>eousque</strong></span> <span class='ocrx_word' id='word_1_45' title='bbox 1710 744 1818 806; x_wconf 79' lang='lat' dir='ltr'><strong>tingientes</strong></span> 
     </span>
     <span class='ocr_line' id='line_1_5' title="bbox 231 820 1819 900; baseline -0.003 -16"><span class='ocrx_word' id='word_1_46' title='bbox 231 824 342 895; x_wconf 76' lang='grc' dir='ltr'><strong>ἐδίωξεν,</strong></span> <span class='ocrx_word' id='word_1_47' title='bbox 360 830 394 891; x_wconf 72' lang='grc' dir='ltr'>δίς</span> <span class='ocrx_word' id='word_1_48' title='bbox 412 825 457 882; x_wconf 85' lang='grc' dir='ltr'>καὶ</span> <span class='ocrx_word' id='word_1_49' title='bbox 476 822 506 881; x_wconf 90' lang='grc' dir='ltr'>τίν</span> <span class='ocrx_word' id='word_1_50' title='bbox 528 820 700 900; x_wconf 89' lang='grc' dir='ltr'>στρατόπεδον</span> <span class='ocrx_word' id='word_1_51' title='bbox 722 824 806 881; x_wconf 86' lang='grc' dir='ltr'>αὐτῶν</span> <span class='ocrx_word' id='word_1_52' title='bbox 825 825 901 881; x_wconf 79' lang='grc' dir='ltr'>ἑλεῖν·</span> <span class='ocrx_word' id='word_1_53' title='bbox 920 822 1008 899; x_wconf 76' lang='grc' dir='ltr'>δγδοή·</span> <span class='ocrx_word' id='word_1_54' title='bbox 1051 831 1106 891; x_wconf 83' lang='lat' dir='ltr'><strong>egit,</strong></span> <span class='ocrx_word' id='word_1_55' title='bbox 1114 832 1189 881; x_wconf 87' lang='lat' dir='ltr'><strong>denen</strong></span> <span class='ocrx_word' id='word_1_56' title='bbox 1196 836 1271 880; x_wconf 80' lang='lat' dir='ltr'><strong>cestre</strong></span> <span class='ocrx_word' id='word_1_57' title='bbox 1278 832 1370 879; x_wconf 91' lang='lat' dir='ltr'><strong>ittornm</strong></span> <span class='ocrx_word' id='word_1_58' title='bbox 1380 832 1468 894; x_wconf 78' lang='lat' dir='ltr'>ceperit</span> <span class='ocrx_word' id='word_1_59' title='bbox 1485 851 1491 880; x_wconf 90' lang='lat'>:</span> <span class='ocrx_word' id='word_1_60' title='bbox 1508 832 1538 880; x_wconf 85' lang='lat' dir='ltr'>de</span> <span class='ocrx_word' id='word_1_61' title='bbox 1553 831 1694 881; x_wconf 84' lang='lat' dir='ltr'><strong>snisautem</strong></span> <span class='ocrx_word' id='word_1_62' title='bbox 1709 833 1819 894; x_wconf 73' lang='lat' dir='ltr'><strong>octoginta</strong></span> 
     </span>
    </p>
   </div>
   <div class='ocr_carea' id='block_1_3' title="bbox 205 897 1899 989">
    <p class='ocr_par' dir='ltr' id='par_1_3' title="bbox 205 897 1899 989">
     <span class='ocr_line' id='line_1_6' title="bbox 205 897 1899 989; baseline 0.001 -23"><span class='ocrx_word' id='word_1_63' title='bbox 205 928 311 972; x_wconf 71' lang='lat' dir='ltr'><strong>exorre</strong></span> <span class='ocrx_word' id='word_1_64' title='bbox 326 912 353 971; x_wconf 79' lang='grc' dir='ltr'>δὲ</span> <span class='ocrx_word' id='word_1_65' title='bbox 368 912 461 989; x_wconf 82' lang='grc' dir='ltr'>μόνους</span> <span class='ocrx_word' id='word_1_66' title='bbox 474 913 524 967; x_wconf 78' lang='grc' dir='ltr'>τῶν</span> <span class='ocrx_word' id='word_1_67' title='bbox 540 909 610 965; x_wconf 84' lang='grc' dir='ltr'>ἰδίων</span> <span class='ocrx_word' id='word_1_68' title='bbox 630 907 772 980; x_wconf 84' lang='grc' dir='ltr'>ἀπίόαλε,</span> <span class='ocrx_word' id='word_1_69' title='bbox 782 909 826 967; x_wconf 82' lang='grc' dir='ltr'>καὶ</span> <span class='ocrx_word' id='word_1_70' title='bbox 842 909 1009 986; x_wconf 81' lang='grc' dir='ltr'>Μιθραδάτης</span> <span class='ocrx_word' id='word_1_71' title='bbox 1052 920 1145 966; x_wconf 86' lang='lat' dir='ltr'><strong>tantum</strong></span> <span class='ocrx_word' id='word_1_72' title='bbox 1160 918 1255 977; x_wconf 86' lang='lat' dir='ltr'><strong>amisit,</strong></span> <span class='ocrx_word' id='word_1_73' title='bbox 1271 923 1297 966; x_wconf 86' lang='lat' dir='ltr'>et</span> <span class='ocrx_word' id='word_1_74' title='bbox 1314 919 1468 967; x_wconf 74' lang='lat' dir='ltr'><strong>Mithradates</strong></span> <span class='ocrx_word' id='word_1_75' title='bbox 1486 919 1548 967; x_wconf 90' lang='lat' dir='ltr'><strong>dom·</strong></span> <span class='ocrx_word' id='word_1_76' title='bbox 1561 919 1654 980; x_wconf 74' lang='lat' dir='ltr'><strong>turgeret</strong></span> <span class='ocrx_word' id='word_1_77' title='bbox 1669 918 1815 980; x_wconf 79' lang='lat' dir='ltr'><strong>octingentos</strong></span> <span class='ocrx_word' id='word_1_78' title='bbox 1898 897 1899 930; x_wconf 39' lang='grc' dir='ltr'>ί</span> 
     </span>
    </p>
   </div>
   <div class='ocr_carea' id='block_1_4' title="bbox 232 995 1818 1081">
    <p class='ocr_par' dir='ltr' id='par_1_4' title="bbox 232 995 1818 1081">
     <span class='ocr_line' id='line_1_7' title="bbox 232 995 1818 1081; baseline -0.001 -24"><span class='ocrx_word' id='word_1_79' title='bbox 232 1004 300 1078; x_wconf 74' lang='grc' dir='ltr'>ἀνιῇ</span> <span class='ocrx_word' id='word_1_80' title='bbox 314 1004 397 1079; x_wconf 84' lang='grc' dir='ltr'>τροπῇ</span> <span class='ocrx_word' id='word_1_81' title='bbox 412 997 471 1077; x_wconf 81' lang='grc' dir='ltr'>περί</span> <span class='ocrx_word' id='word_1_82' title='bbox 486 995 661 1081; x_wconf 83' lang='grc' dir='ltr'>ὀκτακοσίους.</span> <span class='ocrx_word' id='word_1_83' title='bbox 704 996 800 1064; x_wconf 85' lang='grc' dir='ltr'>Σωθεῖς</span> <span class='ocrx_word' id='word_1_84' title='bbox 819 999 841 1054; x_wconf 91' lang='grc' dir='ltr'>δ’</span> <span class='ocrx_word' id='word_1_85' title='bbox 856 998 932 1064; x_wconf 83' lang='grc' dir='ltr'>αὐτὸς</span> <span class='ocrx_word' id='word_1_86' title='bbox 947 996 1009 1075; x_wconf 79' lang='grc' dir='ltr'>παρ’</span> <span class='ocrx_word' id='word_1_87' title='bbox 1052 1003 1177 1065; x_wconf 87' lang='lat' dir='ltr'><strong>iitevero,</strong></span> <span class='ocrx_word' id='word_1_88' title='bbox 1189 1010 1275 1067; x_wconf 74' lang='lat' dir='ltr'><strong>preter</strong></span> <span class='ocrx_word' id='word_1_89' title='bbox 1288 1018 1354 1067; x_wconf 89' lang='lat' dir='ltr'><strong>spem</strong></span> <span class='ocrx_word' id='word_1_90' title='bbox 1367 1006 1818 1067; x_wconf 73' lang='lat' dir='ltr'><strong>serratos,testimoninmnpndceesr·</strong></span> 
     </span>
    </p>
   </div>
   <div class='ocr_carea' id='block_1_5' title="bbox 232 1082 1899 1166">
    <p class='ocr_par' dir='ltr' id='par_1_5' title="bbox 232 1082 1899 1166">
     <span class='ocr_line' id='line_1_8' title="bbox 232 1082 1899 1166; baseline -0.003 -22"><span class='ocrx_word' id='word_1_91' title='bbox 232 1089 339 1162; x_wconf 78' lang='grc' dir='ltr'>ἐλπίδα,</span> <span class='ocrx_word' id='word_1_92' title='bbox 353 1087 450 1165; x_wconf 79' lang='grc' dir='ltr'>μάρτυς</span> <span class='ocrx_word' id='word_1_93' title='bbox 464 1083 610 1147; x_wconf 83' lang='grc' dir='ltr'>ἀύάσκανος</span> <span class='ocrx_word' id='word_1_94' title='bbox 623 1082 721 1159; x_wconf 87' lang='grc' dir='ltr'>γίνεται</span> <span class='ocrx_word' id='word_1_95' title='bbox 734 1084 799 1161; x_wconf 86' lang='grc' dir='ltr'>πρδς</span> <span class='ocrx_word' id='word_1_96' title='bbox 814 1082 936 1163; x_wconf 86' lang='grc' dir='ltr'>Καίσαρα</span> <span class='ocrx_word' id='word_1_97' title='bbox 957 1088 1008 1141; x_wconf 83' lang='grc' dir='ltr'>τῶν</span> <span class='ocrx_word' id='word_1_98' title='bbox 1053 1103 1103 1139; x_wconf 91' lang='lat' dir='ltr'>rem</span> <span class='ocrx_word' id='word_1_99' title='bbox 1114 1091 1206 1153; x_wconf 82' lang='lat' dir='ltr'><strong>absque</strong></span> <span class='ocrx_word' id='word_1_100' title='bbox 1216 1095 1282 1141; x_wconf 88' lang='lat' dir='ltr'><strong>omni</strong></span> <span class='ocrx_word' id='word_1_101' title='bbox 1294 1092 1381 1141; x_wconf 82' lang='lat' dir='ltr'><strong>invidie</strong></span> <span class='ocrx_word' id='word_1_102' title='bbox 1400 1092 1507 1154; x_wconf 76' lang='lat' dir='ltr'><strong>perhibet</strong></span> <span class='ocrx_word' id='word_1_103' title='bbox 1526 1092 1556 1142; x_wconf 89' lang='lat' dir='ltr'>de</span> <span class='ocrx_word' id='word_1_104' title='bbox 1572 1092 1644 1141; x_wconf 75' lang='lat' dir='ltr'><strong>tebras</strong></span> <span class='ocrx_word' id='word_1_105' title='bbox 1660 1092 1691 1141; x_wconf 84' lang='lat' dir='ltr'>ab</span> <span class='ocrx_word' id='word_1_106' title='bbox 1704 1094 1821 1155; x_wconf 72' lang='lat' dir='ltr'><strong>Antipatro</strong></span> <span class='ocrx_word' id='word_1_107' title='bbox 1898 1137 1899 1166; x_wconf 39' lang='lat'><em>3</em></span> 
     </span>
    </p>
   </div>
   <div class='ocr_carea' id='block_1_6' title="bbox 233 1168 1256 1252">
    <p class='ocr_par' dir='ltr' id='par_1_6' title="bbox 233 1168 1256 1252">
     <span class='ocr_line' id='line_1_9' title="bbox 233 1168 1256 1252; baseline -0.005 -20"><span class='ocrx_word' id='word_1_108' title='bbox 233 1174 401 1252; x_wconf 82' lang='grc' dir='ltr'>Ἀντιπάτρου</span> <span class='ocrx_word' id='word_1_109' title='bbox 412 1168 630 1250; x_wconf 85' lang='grc' dir='ltr'>κατορθωμάτων,</span> <span class='ocrx_word' id='word_1_110' title='bbox 1054 1179 1256 1240; x_wconf 75' lang='lat' dir='ltr'><strong>proctaregesns.</strong></span> 
     </span>
    </p>
   </div>
   <div class='ocr_carea' id='block_1_7' title="bbox 271 1249 1899 1335">
    <p class='ocr_par' dir='ltr' id='par_1_7' title="bbox 271 1249 1899 1335">
     <span class='ocr_line' id='line_1_10' title="bbox 271 1249 1899 1335; baseline -0.002 -18"><span class='ocrx_word' id='word_1_111' title='bbox 271 1262 301 1321; x_wconf 86' lang='grc' dir='ltr'>ε’.</span> <span class='ocrx_word' id='word_1_112' title='bbox 324 1259 356 1320; x_wconf 89' lang='grc' dir='ltr'>Ὁ</span> <span class='ocrx_word' id='word_1_113' title='bbox 376 1259 403 1317; x_wconf 77' lang='grc' dir='ltr'>δὲ</span> <span class='ocrx_word' id='word_1_114' title='bbox 416 1258 473 1317; x_wconf 85' lang='grc' dir='ltr'>τότε</span> <span class='ocrx_word' id='word_1_115' title='bbox 489 1256 535 1333; x_wconf 79' lang='grc' dir='ltr'>μὲν</span> <span class='ocrx_word' id='word_1_116' title='bbox 553 1256 596 1315; x_wconf 85' lang='grc' dir='ltr'>τὸν</span> <span class='ocrx_word' id='word_1_117' title='bbox 611 1255 693 1335; x_wconf 85' lang='grc' dir='ltr'>ἀνδρα</span> <span class='ocrx_word' id='word_1_118' title='bbox 706 1258 757 1323; x_wconf 89' lang='grc' dir='ltr'>τοῖς</span> <span class='ocrx_word' id='word_1_119' title='bbox 770 1258 882 1324; x_wconf 81' lang='grc' dir='ltr'>ἐπαίνοις</span> <span class='ocrx_word' id='word_1_120' title='bbox 896 1258 940 1315; x_wconf 83' lang='grc' dir='ltr'>καὶ</span> <span class='ocrx_word' id='word_1_121' title='bbox 953 1266 1010 1324; x_wconf 86' lang='grc' dir='ltr'>ταῖς</span> <span class='ocrx_word' id='word_1_122' title='bbox 1084 1273 1106 1316; x_wconf 79' lang='lat'>5.</span> <span class='ocrx_word' id='word_1_123' title='bbox 1122 1266 1190 1315; x_wconf 89' lang='lat' dir='ltr'><strong>Unde</strong></span> <span class='ocrx_word' id='word_1_124' title='bbox 1202 1266 1241 1315; x_wconf 90' lang='lat' dir='ltr'><strong>itte</strong></span> <span class='ocrx_word' id='word_1_125' title='bbox 1253 1270 1310 1316; x_wconf 85' lang='lat' dir='ltr'><strong>tone</strong></span> <span class='ocrx_word' id='word_1_126' title='bbox 1320 1267 1416 1329; x_wconf 84' lang='lat' dir='ltr'><strong>quidem</strong></span> <span class='ocrx_word' id='word_1_127' title='bbox 1428 1266 1579 1329; x_wconf 80' lang='lat' dir='ltr'><strong>Antipatrum</strong></span> <span class='ocrx_word' id='word_1_128' title='bbox 1591 1249 1706 1329; x_wconf 81' lang='lat' dir='ltr'><strong>etapeet</strong></span> <span class='ocrx_word' id='word_1_129' title='bbox 1716 1265 1819 1315; x_wconf 82' lang='lat' dir='ltr'><strong>teodinus</strong></span> <span class='ocrx_word' id='word_1_130' title='bbox 1898 1297 1899 1332; x_wconf 68' lang='lat'>3</span> 
     </span>
    </p>
   </div>
   <div class='ocr_carea' id='block_1_8' title="bbox 196 1342 1819 1425">
    <p class='ocr_par' dir='ltr' id='par_1_8' title="bbox 196 1342 1819 1425">
     <span class='ocr_line' id='line_1_11' title="bbox 196 1342 1819 1425; baseline 0.001 -26"><span class='ocrx_word' id='word_1_131' title='bbox 196 1364 220 1402; x_wconf 90' lang='grc' dir='ltr'>ιο</span> <span class='ocrx_word' id='word_1_132' title='bbox 233 1348 332 1405; x_wconf 81' lang='grc' dir='ltr'>ἐλπίσιν</span> <span class='ocrx_word' id='word_1_133' title='bbox 343 1349 377 1413; x_wconf 86' lang='grc' dir='ltr'>εἰς</span> <span class='ocrx_word' id='word_1_134' title='bbox 387 1345 444 1412; x_wconf 79' lang='grc' dir='ltr'>τοὺς</span> <span class='ocrx_word' id='word_1_135' title='bbox 455 1344 520 1425; x_wconf 83' lang='grc' dir='ltr'>ὑπὲρ</span> <span class='ocrx_word' id='word_1_136' title='bbox 530 1348 620 1402; x_wconf 82' lang='grc' dir='ltr'>ἑαυτοῦ</span> <span class='ocrx_word' id='word_1_137' title='bbox 630 1342 759 1409; x_wconf 89' lang='grc' dir='ltr'>κινδύνους</span> <span class='ocrx_word' id='word_1_138' title='bbox 770 1343 921 1421; x_wconf 78' lang='grc' dir='ltr'>ἐπέρρωσεν.</span> <span class='ocrx_word' id='word_1_139' title='bbox 964 1344 1009 1402; x_wconf 87' lang='grc' dir='ltr'>Ἐν</span> <span class='ocrx_word' id='word_1_140' title='bbox 1053 1353 1082 1401; x_wconf 89' lang='lat' dir='ltr'>ad</span> <span class='ocrx_word' id='word_1_141' title='bbox 1101 1353 1226 1402; x_wconf 83' lang='lat' dir='ltr'><strong>subeunde</strong></span> <span class='ocrx_word' id='word_1_142' title='bbox 1245 1366 1287 1415; x_wconf 87' lang='lat' dir='ltr'><strong>pro</strong></span> <span class='ocrx_word' id='word_1_143' title='bbox 1303 1366 1330 1401; x_wconf 88' lang='lat' dir='ltr'>ae</span> <span class='ocrx_word' id='word_1_144' title='bbox 1349 1354 1452 1415; x_wconf 73' lang='lat' dir='ltr'><strong>periente</strong></span> <span class='ocrx_word' id='word_1_145' title='bbox 1468 1354 1639 1416; x_wconf 75' lang='lat' dir='ltr'><strong>promptiorem</strong></span> <span class='ocrx_word' id='word_1_146' title='bbox 1658 1352 1765 1402; x_wconf 90' lang='lat' dir='ltr'><strong>reddidit.</strong></span> <span class='ocrx_word' id='word_1_147' title='bbox 1795 1356 1819 1401; x_wconf 85' lang='lat' dir='ltr'><strong>tn</strong></span> 
     </span>
    </p>
   </div>
   <div class='ocr_carea' id='block_1_9' title="bbox 233 1426 1899 1513">
    <p class='ocr_par' dir='ltr' id='par_1_9' title="bbox 233 1426 1899 1513">
     <span class='ocr_line' id='line_1_12' title="bbox 233 1426 1899 1513; baseline -0.002 -20"><span class='ocrx_word' id='word_1_148' title='bbox 233 1426 268 1500; x_wconf 77' lang='grc' dir='ltr'>οἷς</span> <span class='ocrx_word' id='word_1_149' title='bbox 289 1444 354 1492; x_wconf 77' lang='grc' dir='ltr'>πᾶσι</span> <span class='ocrx_word' id='word_1_150' title='bbox 376 1432 598 1513; x_wconf 77' lang='grc' dir='ltr'>παραύολιίντατος</span> <span class='ocrx_word' id='word_1_151' title='bbox 621 1431 765 1508; x_wconf 78' lang='grc' dir='ltr'>ἀγωνιστὴς</span> <span class='ocrx_word' id='word_1_152' title='bbox 786 1432 939 1507; x_wconf 86' lang='grc' dir='ltr'>γενόμενος,</span> <span class='ocrx_word' id='word_1_153' title='bbox 964 1430 1009 1488; x_wconf 84' lang='grc' dir='ltr'>καὶ</span> <span class='ocrx_word' id='word_1_154' title='bbox 1053 1439 1139 1500; x_wconf 83' lang='lat' dir='ltr'><strong>quibos</strong></span> <span class='ocrx_word' id='word_1_155' title='bbox 1147 1440 1339 1500; x_wconf 86' lang='lat' dir='ltr'><strong>omnibnsqnnm</strong></span> <span class='ocrx_word' id='word_1_156' title='bbox 1350 1440 1449 1489; x_wconf 80' lang='lat' dir='ltr'><strong>bellator</strong></span> <span class='ocrx_word' id='word_1_157' title='bbox 1457 1439 1819 1499; x_wconf 62' lang='lat' dir='ltr'><strong>ineritaudmtssimueetrnnito</strong></span> <span class='ocrx_word' id='word_1_158' title='bbox 1898 1487 1899 1490; x_wconf 75' lang='grc'>,</span> 
     </span>
    </p>
   </div>
   <div class='ocr_carea' id='block_1_10' title="bbox 232 1508 1819 1684">
    <p class='ocr_par' dir='ltr' id='par_1_10' title="bbox 232 1508 1819 1684">
     <span class='ocr_line' id='line_1_13' title="bbox 232 1508 1819 1601; baseline -0.002 -24"><span class='ocrx_word' id='word_1_159' title='bbox 232 1520 315 1577; x_wconf 77' lang='grc' dir='ltr'>πολλὰ</span> <span class='ocrx_word' id='word_1_160' title='bbox 328 1520 432 1601; x_wconf 87' lang='grc' dir='ltr'>τρωθεὶς</span> <span class='ocrx_word' id='word_1_161' title='bbox 454 1518 565 1577; x_wconf 78' lang='grc' dir='ltr'>καθόλου</span> <span class='ocrx_word' id='word_1_162' title='bbox 583 1517 675 1597; x_wconf 84' lang='grc' dir='ltr'>σχεδὸν</span> <span class='ocrx_word' id='word_1_163' title='bbox 689 1523 734 1575; x_wconf 86' lang='grc' dir='ltr'>τοῦ</span> <span class='ocrx_word' id='word_1_164' title='bbox 749 1516 883 1594; x_wconf 84' lang='grc' dir='ltr'>σώματος,</span> <span class='ocrx_word' id='word_1_165' title='bbox 904 1508 957 1596; x_wconf 75' lang='grc' dir='ltr'>εἶχε</span> <span class='ocrx_word' id='word_1_166' title='bbox 976 1517 1009 1575; x_wconf 75' lang='grc' dir='ltr'>τὰ</span> <span class='ocrx_word' id='word_1_167' title='bbox 1052 1530 1105 1575; x_wconf 91' lang='lat' dir='ltr'><strong>toto</strong></span> <span class='ocrx_word' id='word_1_168' title='bbox 1122 1527 1169 1575; x_wconf 87' lang='lat' dir='ltr'><strong>tere</strong></span> <span class='ocrx_word' id='word_1_169' title='bbox 1183 1540 1281 1589; x_wconf 90' lang='lat' dir='ltr'><strong>corpore</strong></span> <span class='ocrx_word' id='word_1_170' title='bbox 1291 1528 1389 1577; x_wconf 87' lang='lat' dir='ltr'><strong>votnera</strong></span> <span class='ocrx_word' id='word_1_171' title='bbox 1402 1529 1533 1590; x_wconf 88' lang='lat' dir='ltr'><strong>eeeeperit,</strong></span> <span class='ocrx_word' id='word_1_172' title='bbox 1545 1527 1648 1577; x_wconf 78' lang='lat' dir='ltr'><strong>trahebat</strong></span> <span class='ocrx_word' id='word_1_173' title='bbox 1658 1528 1745 1590; x_wconf 85' lang='lat' dir='ltr'><strong>quibua</strong></span> <span class='ocrx_word' id='word_1_174' title='bbox 1762 1526 1819 1575; x_wconf 84' lang='lat' dir='ltr'><strong>torti·</strong></span> 
     </span>
     <span class='ocr_line' id='line_1_14' title="bbox 232 1595 1819 1684; baseline -0.001 -21"><span class='ocrx_word' id='word_1_175' title='bbox 232 1608 493 1684; x_wconf 76' lang='grc' dir='ltr'>σημεῖατῆςάρετῆς.</span> <span class='ocrx_word' id='word_1_176' title='bbox 536 1595 1009 1681; x_wconf 80' lang='grc' dir='ltr'>Αύθιςδὲκαταστησάμενοςτδικατδι</span> <span class='ocrx_word' id='word_1_177' title='bbox 1054 1614 1159 1663; x_wconf 85' lang='lat' dir='ltr'><strong>tudinem</strong></span> <span class='ocrx_word' id='word_1_178' title='bbox 1169 1618 1305 1663; x_wconf 73' lang='lat' dir='ltr'><strong>ostentaret.</strong></span> <span class='ocrx_word' id='word_1_179' title='bbox 1323 1618 1469 1663; x_wconf 82' lang='lat' dir='ltr'><strong>Posteutem</strong></span> <span class='ocrx_word' id='word_1_180' title='bbox 1480 1628 1601 1676; x_wconf 87' lang='lat' dir='ltr'><strong>qunmrea</strong></span> <span class='ocrx_word' id='word_1_181' title='bbox 1615 1615 1640 1663; x_wconf 90' lang='lat' dir='ltr'><strong>in</strong></span> <span class='ocrx_word' id='word_1_182' title='bbox 1651 1617 1751 1677; x_wconf 75' lang='lat' dir='ltr'><strong>AEgyptn</strong></span> <span class='ocrx_word' id='word_1_183' title='bbox 1761 1614 1819 1663; x_wconf 87' lang='lat' dir='ltr'><strong>ordi·</strong></span> 
     </span>
    </p>
   </div>
   <div class='ocr_carea' id='block_1_11' title="bbox 194 1692 1899 1964">
    <p class='ocr_par' dir='ltr' id='par_1_11' title="bbox 194 1692 1899 1964">
     <span class='ocr_line' id='line_1_15' title="bbox 231 1692 1899 1771; baseline -0.002 -21"><span class='ocrx_word' id='word_1_184' title='bbox 231 1693 277 1764; x_wconf 81' lang='grc' dir='ltr'>τὴν</span> <span class='ocrx_word' id='word_1_185' title='bbox 296 1692 438 1770; x_wconf 84' lang='grc' dir='ltr'>Αἴγυπτον,</span> <span class='ocrx_word' id='word_1_186' title='bbox 461 1697 495 1758; x_wconf 85' lang='grc' dir='ltr'>ὡς</span> <span class='ocrx_word' id='word_1_187' title='bbox 515 1695 642 1761; x_wconf 76' lang='grc' dir='ltr'>ἐπανῆκεν</span> <span class='ocrx_word' id='word_1_188' title='bbox 661 1694 696 1758; x_wconf 86' lang='grc' dir='ltr'>είς</span> <span class='ocrx_word' id='word_1_189' title='bbox 715 1693 822 1771; x_wconf 82' lang='grc' dir='ltr'>Συρίαν,</span> <span class='ocrx_word' id='word_1_190' title='bbox 841 1692 957 1771; x_wconf 72' lang='grc' dir='ltr'>πολιτείᾳ</span> <span class='ocrx_word' id='word_1_191' title='bbox 981 1715 1008 1749; x_wconf 88' lang='grc' dir='ltr'>τι</span> <span class='ocrx_word' id='word_1_192' title='bbox 1053 1705 1132 1749; x_wconf 84' lang='lat' dir='ltr'><strong>nasset</strong></span> <span class='ocrx_word' id='word_1_193' title='bbox 1144 1706 1232 1762; x_wconf 80' lang='lat' dir='ltr'><strong>caesar,</strong></span> <span class='ocrx_word' id='word_1_194' title='bbox 1245 1702 1269 1749; x_wconf 89' lang='lat' dir='ltr'><strong>in</strong></span> <span class='ocrx_word' id='word_1_195' title='bbox 1280 1703 1372 1764; x_wconf 80' lang='lat' dir='ltr'><strong>Syriam</strong></span> <span class='ocrx_word' id='word_1_196' title='bbox 1384 1714 1493 1750; x_wconf 84' lang='lat' dir='ltr'><strong>reversos</strong></span> <span class='ocrx_word' id='word_1_197' title='bbox 1508 1714 1564 1750; x_wconf 88' lang='lat' dir='ltr'>enm</span> <span class='ocrx_word' id='word_1_198' title='bbox 1578 1706 1602 1749; x_wconf 88' lang='lat' dir='ltr'>et</span> <span class='ocrx_word' id='word_1_199' title='bbox 1613 1704 1721 1749; x_wconf 77' lang='lat' dir='ltr'><strong>Romana</strong></span> <span class='ocrx_word' id='word_1_200' title='bbox 1731 1700 1819 1749; x_wconf 80' lang='lat' dir='ltr'><strong>etritete</strong></span> <span class='ocrx_word' id='word_1_201' title='bbox 1898 1759 1899 1764; x_wconf 14' lang='grc' dir='ltr'>γ</span> 
     </span>
     <span class='ocr_line' id='line_1_16' title="bbox 194 1779 1899 1860; baseline -0.002 -25"><span class='ocrx_word' id='word_1_202' title='bbox 194 1799 219 1837; x_wconf 83' lang='grc' dir='ltr'>ιο</span> <span class='ocrx_word' id='word_1_203' title='bbox 232 1780 353 1858; x_wconf 82' lang='grc' dir='ltr'>αθτδντῇ</span> <span class='ocrx_word' id='word_1_204' title='bbox 368 1779 506 1857; x_wconf 87' lang='grc' dir='ltr'>Ῥωμαίονν</span> <span class='ocrx_word' id='word_1_205' title='bbox 520 1779 626 1855; x_wconf 76' lang='grc' dir='ltr'>ἐτίμησε</span> <span class='ocrx_word' id='word_1_206' title='bbox 637 1780 682 1837; x_wconf 83' lang='grc' dir='ltr'>καὶ</span> <span class='ocrx_word' id='word_1_207' title='bbox 697 1780 800 1859; x_wconf 74' lang='grc' dir='ltr'>ἀτελείᾳ</span> <span class='ocrx_word' id='word_1_208' title='bbox 811 1826 819 1855; x_wconf 93' lang='grc'>,</span> <span class='ocrx_word' id='word_1_209' title='bbox 831 1785 876 1849; x_wconf 77' lang='grc' dir='ltr'>τῆς</span> <span class='ocrx_word' id='word_1_210' title='bbox 888 1803 916 1837; x_wconf 91' lang='grc' dir='ltr'>τε</span> <span class='ocrx_word' id='word_1_211' title='bbox 928 1780 1009 1849; x_wconf 82' lang='grc' dir='ltr'>ἄλλης</span> <span class='ocrx_word' id='word_1_212' title='bbox 1052 1788 1151 1837; x_wconf 82' lang='lat' dir='ltr'><strong>denovit</strong></span> <span class='ocrx_word' id='word_1_213' title='bbox 1167 1790 1193 1836; x_wconf 86' lang='lat' dir='ltr'>et</span> <span class='ocrx_word' id='word_1_214' title='bbox 1204 1789 1370 1849; x_wconf 87' lang='lat' dir='ltr'><strong>immunitate,</strong></span> <span class='ocrx_word' id='word_1_215' title='bbox 1388 1788 1505 1848; x_wconf 75' lang='lat' dir='ltr'><strong>iecitque,</strong></span> <span class='ocrx_word' id='word_1_216' title='bbox 1521 1793 1547 1836; x_wconf 90' lang='lat' dir='ltr'>et</span> <span class='ocrx_word' id='word_1_217' title='bbox 1561 1788 1614 1837; x_wconf 83' lang='lat' dir='ltr'><strong>eliis</strong></span> <span class='ocrx_word' id='word_1_218' title='bbox 1631 1787 1759 1837; x_wconf 81' lang='lat' dir='ltr'><strong>nonoribus</strong></span> <span class='ocrx_word' id='word_1_219' title='bbox 1769 1800 1819 1835; x_wconf 88' lang='lat' dir='ltr'>eom</span> <span class='ocrx_word' id='word_1_220' title='bbox 1898 1823 1899 1860; x_wconf 73' lang='grc'>,</span> 
     </span>
     <span class='ocr_line' id='line_1_17' title="bbox 232 1865 1899 1964; baseline -0.002 -40"><span class='ocrx_word' id='word_1_221' title='bbox 232 1873 309 1944; x_wconf 84' lang='grc' dir='ltr'>τιμῆς</span> <span class='ocrx_word' id='word_1_222' title='bbox 319 1868 364 1925; x_wconf 86' lang='grc' dir='ltr'>καὶ</span> <span class='ocrx_word' id='word_1_223' title='bbox 376 1866 581 1949; x_wconf 80' lang='grc' dir='ltr'>ριλορρονήσεονς</span> <span class='ocrx_word' id='word_1_224' title='bbox 598 1866 682 1924; x_wconf 75' lang='grc' dir='ltr'>ἕνεκεν</span> <span class='ocrx_word' id='word_1_225' title='bbox 697 1868 809 1939; x_wconf 80' lang='grc' dir='ltr'>ζηλωτὸν</span> <span class='ocrx_word' id='word_1_226' title='bbox 824 1869 948 1943; x_wconf 84' lang='grc' dir='ltr'>ἐποίησε,</span> <span class='ocrx_word' id='word_1_227' title='bbox 963 1865 1008 1925; x_wconf 83' lang='grc' dir='ltr'>καί</span> <span class='ocrx_word' id='word_1_228' title='bbox 1052 1877 1160 1937; x_wconf 75' lang='lat' dir='ltr'><strong>eugendo</strong></span> <span class='ocrx_word' id='word_1_229' title='bbox 1168 1881 1192 1925; x_wconf 90' lang='lat' dir='ltr'>et</span> <span class='ocrx_word' id='word_1_230' title='bbox 1201 1876 1343 1937; x_wconf 75' lang='lat' dir='ltr'><strong>amicissime</strong></span> <span class='ocrx_word' id='word_1_231' title='bbox 1351 1876 1487 1935; x_wconf 79' lang='lat' dir='ltr'><strong>tractando,</strong></span> <span class='ocrx_word' id='word_1_232' title='bbox 1497 1878 1524 1923; x_wconf 89' lang='lat' dir='ltr'>ut</span> <span class='ocrx_word' id='word_1_233' title='bbox 1533 1875 1578 1937; x_wconf 88' lang='lat' dir='ltr'><strong>ipsi</strong></span> <span class='ocrx_word' id='word_1_234' title='bbox 1587 1874 1745 1933; x_wconf 71' lang='lat' dir='ltr'><strong>invideretur,</strong></span> <span class='ocrx_word' id='word_1_235' title='bbox 1754 1878 1819 1935; x_wconf 81' lang='lat' dir='ltr'><strong>etqne</strong></span> <span class='ocrx_word' id='word_1_236' title='bbox 1898 1911 1899 1964; x_wconf 61' lang='grc' dir='ltr'>γ</span> 
     </span>
    </p>
   </div>
   <div class='ocr_carea' id='block_1_12' title="bbox 235 1951 1758 2034">
    <p class='ocr_par' dir='ltr' id='par_1_12' title="bbox 235 1951 1758 2034">
     <span class='ocr_line' id='line_1_18' title="bbox 235 1951 1758 2034; baseline -0.003 -24"><span class='ocrx_word' id='word_1_237' title='bbox 235 1951 281 2024; x_wconf 79' lang='grc' dir='ltr'>τὴν</span> <span class='ocrx_word' id='word_1_238' title='bbox 295 1955 487 2034; x_wconf 82' lang='grc' dir='ltr'>ἀρχιερωσύνην</span> <span class='ocrx_word' id='word_1_239' title='bbox 502 1952 529 2010; x_wconf 78' lang='grc' dir='ltr'>δὲ</span> <span class='ocrx_word' id='word_1_240' title='bbox 542 1953 573 2027; x_wconf 82' lang='grc' dir='ltr'>δι’</span> <span class='ocrx_word' id='word_1_241' title='bbox 586 1953 662 2011; x_wconf 83' lang='grc' dir='ltr'>αὐτὸν</span> <span class='ocrx_word' id='word_1_242' title='bbox 675 1952 837 2032; x_wconf 80' lang='grc' dir='ltr'>ἐπεκύρωσεν</span> <span class='ocrx_word' id='word_1_243' title='bbox 852 1954 986 2033; x_wconf 80' lang='grc' dir='ltr'>Ὑρκανῷ.</span> <span class='ocrx_word' id='word_1_244' title='bbox 1051 1963 1103 2024; x_wconf 80' lang='lat' dir='ltr'><strong>ejus</strong></span> <span class='ocrx_word' id='word_1_245' title='bbox 1115 1963 1212 2025; x_wconf 84' lang='lat' dir='ltr'><strong>insuper</strong></span> <span class='ocrx_word' id='word_1_246' title='bbox 1222 1964 1296 2024; x_wconf 80' lang='lat' dir='ltr'><strong>gratia</strong></span> <span class='ocrx_word' id='word_1_247' title='bbox 1306 1962 1470 2025; x_wconf 76' lang='lat' dir='ltr'><strong>pontificatum</strong></span> <span class='ocrx_word' id='word_1_248' title='bbox 1482 1962 1629 2011; x_wconf 82' lang='lat' dir='ltr'><strong>confirmarit</strong></span> <span class='ocrx_word' id='word_1_249' title='bbox 1640 1964 1758 2023; x_wconf 82' lang='lat' dir='ltr'><strong>ityreeno.</strong></span> 
     </span>
    </p>
   </div>
   <div class='ocr_carea' id='block_1_13' title="bbox 547 2094 1598 2176">
    <p class='ocr_par' dir='ltr' id='par_1_13' title="bbox 547 2094 1598 2176">
     <span class='ocr_line' id='line_1_19' title="bbox 547 2094 1598 2176; baseline 0.002 -21"><span class='ocrx_word' id='word_1_250' title='bbox 547 2098 639 2157; x_wconf 76' lang='lat' dir='ltr'><strong>nnn.</strong></span> <span class='ocrx_word' id='word_1_251' title='bbox 663 2094 695 2155; x_wconf 87' lang='lat'>1&#39;.</span> <span class='ocrx_word' id='word_1_252' title='bbox 1297 2101 1418 2159; x_wconf 73' lang='lat' dir='ltr'>CAPUT</span> <span class='ocrx_word' id='word_1_253' title='bbox 1438 2101 1474 2159; x_wconf 82' lang='lat' dir='ltr'>X.</span> <span class='ocrx_word' id='word_1_254' title='bbox 1498 2100 1598 2176; x_wconf 76' lang='lat' dir='ltr'><strong>(vill.)</strong></span> 
     </span>
    </p>
   </div>
   <div class='ocr_carea' id='block_1_14' title="bbox 163 2223 1899 2568">
    <p class='ocr_par' dir='ltr' id='par_1_14' title="bbox 163 2223 1899 2568">
     <span class='ocr_line' id='line_1_20' title="bbox 273 2223 1899 2307; baseline -0.002 -23"><span class='ocrx_word' id='word_1_255' title='bbox 273 2225 339 2285; x_wconf 87' lang='grc' dir='ltr'>Κατ’</span> <span class='ocrx_word' id='word_1_256' title='bbox 357 2224 418 2283; x_wconf 86' lang='grc' dir='ltr'>αύτδ</span> <span class='ocrx_word' id='word_1_257' title='bbox 433 2223 517 2283; x_wconf 79' lang='grc' dir='ltr'>δὲκαὶ</span> <span class='ocrx_word' id='word_1_258' title='bbox 533 2224 671 2301; x_wconf 74' lang='grc' dir='ltr'>Ἀντίγονος</span> <span class='ocrx_word' id='word_1_259' title='bbox 686 2229 699 2283; x_wconf 83' lang='grc' dir='ltr'>ὁ</span> <span class='ocrx_word' id='word_1_260' title='bbox 714 2224 927 2304; x_wconf 78' lang='grc' dir='ltr'>’λριστοόούλου,</span> <span class='ocrx_word' id='word_1_261' title='bbox 945 2230 1009 2307; x_wconf 83' lang='grc' dir='ltr'>πρὸς</span> <span class='ocrx_word' id='word_1_262' title='bbox 1081 2234 1131 2283; x_wconf 86' lang='lat' dir='ltr'><strong>snb</strong></span> <span class='ocrx_word' id='word_1_263' title='bbox 1142 2233 1204 2282; x_wconf 89' lang='lat' dir='ltr'><strong>idem</strong></span> <span class='ocrx_word' id='word_1_264' title='bbox 1215 2240 1296 2284; x_wconf 81' lang='lat' dir='ltr'><strong>entem</strong></span> <span class='ocrx_word' id='word_1_265' title='bbox 1306 2238 1401 2297; x_wconf 86' lang='lat' dir='ltr'><strong>tempus</strong></span> <span class='ocrx_word' id='word_1_266' title='bbox 1416 2237 1441 2284; x_wconf 89' lang='lat' dir='ltr'>et</span> <span class='ocrx_word' id='word_1_267' title='bbox 1451 2234 1581 2296; x_wconf 76' lang='lat' dir='ltr'><strong>Antigonus</strong></span> <span class='ocrx_word' id='word_1_268' title='bbox 1597 2234 1728 2285; x_wconf 80' lang='lat' dir='ltr'><strong>Aristoboii</strong></span> <span class='ocrx_word' id='word_1_269' title='bbox 1743 2234 1817 2291; x_wconf 79' lang='lat' dir='ltr'><strong>fitius,</strong></span> <span class='ocrx_word' id='word_1_270' title='bbox 1898 2277 1899 2302; x_wconf 54' lang='grc'>,</span> 
     </span>
     <span class='ocr_line' id='line_1_21' title="bbox 232 2310 1899 2394; baseline -0.001 -25"><span class='ocrx_word' id='word_1_271' title='bbox 232 2312 276 2371; x_wconf 83' lang='grc' dir='ltr'>τὸν</span> <span class='ocrx_word' id='word_1_272' title='bbox 297 2312 419 2393; x_wconf 80' lang='grc' dir='ltr'>Καίσαρα</span> <span class='ocrx_word' id='word_1_273' title='bbox 437 2312 537 2391; x_wconf 84' lang='grc' dir='ltr'>παρὼν,</span> <span class='ocrx_word' id='word_1_274' title='bbox 559 2310 655 2389; x_wconf 90' lang='grc' dir='ltr'>γίνεται</span> <span class='ocrx_word' id='word_1_275' title='bbox 676 2310 828 2391; x_wconf 81' lang='grc' dir='ltr'>παραδόξως</span> <span class='ocrx_word' id='word_1_276' title='bbox 849 2312 1008 2393; x_wconf 81' lang='grc' dir='ltr'>Ἀντιπάτρῳ</span> <span class='ocrx_word' id='word_1_277' title='bbox 1036 2322 1292 2383; x_wconf 80' lang='lat' dir='ltr'><strong>-qnnmedcensarem</strong></span> <span class='ocrx_word' id='word_1_278' title='bbox 1304 2322 1416 2383; x_wconf 83' lang='lat' dir='ltr'><strong>venisset,</strong></span> <span class='ocrx_word' id='word_1_279' title='bbox 1424 2321 1448 2370; x_wconf 91' lang='lat' dir='ltr'>io</span> <span class='ocrx_word' id='word_1_280' title='bbox 1456 2335 1528 2371; x_wconf 84' lang='lat' dir='ltr'><strong>cansa</strong></span> <span class='ocrx_word' id='word_1_281' title='bbox 1538 2326 1587 2370; x_wconf 88' lang='lat' dir='ltr'><strong>erat</strong></span> <span class='ocrx_word' id='word_1_282' title='bbox 1596 2327 1682 2385; x_wconf 73' lang='lat' dir='ltr'><strong>preter</strong></span> <span class='ocrx_word' id='word_1_283' title='bbox 1690 2322 1817 2383; x_wconf 87' lang='lat' dir='ltr'><strong>opinionem</strong></span> <span class='ocrx_word' id='word_1_284' title='bbox 1898 2349 1899 2394; x_wconf 46' lang='grc' dir='ltr'>γ</span> 
     </span>
     <span class='ocr_line' id='line_1_22' title="bbox 163 2398 1899 2481; baseline -0.002 -24"><span class='ocrx_word' id='word_1_285' title='bbox 163 2433 167 2441; x_wconf 90' lang='grc'>-</span> <span class='ocrx_word' id='word_1_286' title='bbox 193 2422 219 2461; x_wconf 80' lang='grc' dir='ltr'>αι</span> <span class='ocrx_word' id='word_1_287' title='bbox 234 2400 347 2477; x_wconf 77' lang='grc' dir='ltr'>μείζονρς</span> <span class='ocrx_word' id='word_1_288' title='bbox 358 2404 490 2479; x_wconf 82' lang='grc' dir='ltr'>προκοπῆς</span> <span class='ocrx_word' id='word_1_289' title='bbox 498 2398 585 2465; x_wconf 81' lang='grc' dir='ltr'>αἴτιος.</span> <span class='ocrx_word' id='word_1_290' title='bbox 625 2399 689 2459; x_wconf 83' lang='grc' dir='ltr'>Δέον</span> <span class='ocrx_word' id='word_1_291' title='bbox 697 2406 758 2476; x_wconf 82' lang='grc' dir='ltr'>γοῦν</span> <span class='ocrx_word' id='word_1_292' title='bbox 766 2398 938 2479; x_wconf 87' lang='grc' dir='ltr'>ἀποδύρεσθαι</span> <span class='ocrx_word' id='word_1_293' title='bbox 948 2402 1007 2481; x_wconf 86' lang='grc' dir='ltr'>περὶ</span> <span class='ocrx_word' id='word_1_294' title='bbox 1051 2406 1114 2467; x_wconf 82' lang='lat' dir='ltr'><strong>qnod</strong></span> <span class='ocrx_word' id='word_1_295' title='bbox 1126 2408 1249 2469; x_wconf 77' lang='lat' dir='ltr'><strong>Antipater</strong></span> <span class='ocrx_word' id='word_1_296' title='bbox 1259 2408 1313 2471; x_wconf 88' lang='lat' dir='ltr'><strong>ptos</strong></span> <span class='ocrx_word' id='word_1_297' title='bbox 1322 2409 1463 2457; x_wconf 76' lang='lat' dir='ltr'><strong>auctoritate</strong></span> <span class='ocrx_word' id='word_1_298' title='bbox 1475 2409 1571 2457; x_wconf 77' lang='lat' dir='ltr'><strong>voleret.</strong></span> <span class='ocrx_word' id='word_1_299' title='bbox 1589 2412 1651 2459; x_wconf 73' lang='lat' dir='ltr'><strong>Neue</strong></span> <span class='ocrx_word' id='word_1_300' title='bbox 1662 2422 1735 2472; x_wconf 87' lang='lat' dir='ltr'><strong>quum</strong></span> <span class='ocrx_word' id='word_1_301' title='bbox 1753 2421 1817 2469; x_wconf 86' lang='lat' dir='ltr'><strong>opor·</strong></span> <span class='ocrx_word' id='word_1_302' title='bbox 1898 2407 1899 2468; x_wconf 59' lang='grc' dir='ltr'>ξ</span> 
     </span>
     <span class='ocr_line' id='line_1_23' title="bbox 233 2475 1899 2568; baseline -0.002 -23"><span class='ocrx_word' id='word_1_303' title='bbox 233 2492 277 2545; x_wconf 77' lang='grc' dir='ltr'>τοῦ</span> <span class='ocrx_word' id='word_1_304' title='bbox 290 2486 388 2565; x_wconf 82' lang='grc' dir='ltr'>πατρὸς</span> <span class='ocrx_word' id='word_1_305' title='bbox 400 2487 587 2568; x_wconf 83' lang='grc' dir='ltr'>περαρμάχθαι</span> <span class='ocrx_word' id='word_1_306' title='bbox 599 2488 734 2553; x_wconf 80' lang='grc' dir='ltr'>δοκοῦντος</span> <span class='ocrx_word' id='word_1_307' title='bbox 749 2489 778 2545; x_wconf 76' lang='grc' dir='ltr'>ἐκ</span> <span class='ocrx_word' id='word_1_308' title='bbox 792 2490 842 2545; x_wconf 83' lang='grc' dir='ltr'>τῶν</span> <span class='ocrx_word' id='word_1_309' title='bbox 855 2487 919 2566; x_wconf 83' lang='grc' dir='ltr'>πρὸς</span> <span class='ocrx_word' id='word_1_310' title='bbox 932 2492 1007 2563; x_wconf 82' lang='grc' dir='ltr'>Πομ·</span> <span class='ocrx_word' id='word_1_311' title='bbox 1051 2493 1125 2542; x_wconf 88' lang='lat' dir='ltr'><strong>tuerit</strong></span> <span class='ocrx_word' id='word_1_312' title='bbox 1136 2506 1191 2543; x_wconf 89' lang='lat' dir='ltr'>eum</span> <span class='ocrx_word' id='word_1_313' title='bbox 1201 2496 1273 2556; x_wconf 84' lang='lat' dir='ltr'><strong>patris</strong></span> <span class='ocrx_word' id='word_1_314' title='bbox 1282 2494 1400 2543; x_wconf 84' lang='lat' dir='ltr'><strong>tortonern</strong></span> <span class='ocrx_word' id='word_1_315' title='bbox 1410 2495 1546 2563; x_wconf 79' lang='lat' dir='ltr'><strong>deplorare,</strong></span> <span class='ocrx_word' id='word_1_316' title='bbox 1556 2495 1597 2558; x_wconf 82' lang='lat' dir='ltr'><strong>qni</strong></span> <span class='ocrx_word' id='word_1_317' title='bbox 1613 2510 1704 2545; x_wconf 79' lang='lat' dir='ltr'><strong>veneno</strong></span> <span class='ocrx_word' id='word_1_318' title='bbox 1715 2496 1817 2544; x_wconf 81' lang='lat' dir='ltr'><strong>sribtatns</strong></span> <span class='ocrx_word' id='word_1_319' title='bbox 1898 2475 1899 2522; x_wconf 54' lang='grc' dir='ltr'>ί</span> 
     </span>
    </p>
   </div>
   <div class='ocr_carea' id='block_1_15' title="bbox 232 2574 1814 2655">
    <p class='ocr_par' dir='ltr' id='par_1_15' title="bbox 232 2574 1814 2655">
     <span class='ocr_line' id='line_1_24' title="bbox 232 2574 1814 2655; baseline -0.003 -23"><span class='ocrx_word' id='word_1_320' title='bbox 232 2574 307 2644; x_wconf 76' lang='grc' dir='ltr'>πίιον</span> <span class='ocrx_word' id='word_1_321' title='bbox 316 2576 455 2655; x_wconf 75' lang='grc' dir='ltr'>διαφορῶν,</span> <span class='ocrx_word' id='word_1_322' title='bbox 467 2574 579 2654; x_wconf 77' lang='grc' dir='ltr'>καὶπερὶ</span> <span class='ocrx_word' id='word_1_323' title='bbox 591 2576 715 2655; x_wconf 71' lang='grc' dir='ltr'>τάδελφοῦ</span> <span class='ocrx_word' id='word_1_324' title='bbox 724 2574 771 2645; x_wconf 70' lang='grc' dir='ltr'>τὴν</span> <span class='ocrx_word' id='word_1_325' title='bbox 782 2574 926 2641; x_wconf 86' lang='grc' dir='ltr'>Σκιπίωνος</span> <span class='ocrx_word' id='word_1_326' title='bbox 938 2574 1008 2650; x_wconf 78' lang='grc' dir='ltr'>ὠμό·</span> <span class='ocrx_word' id='word_1_327' title='bbox 1051 2580 1178 2628; x_wconf 81' lang='lat' dir='ltr'><strong>videbator</strong></span> <span class='ocrx_word' id='word_1_328' title='bbox 1188 2580 1219 2628; x_wconf 90' lang='lat' dir='ltr'>ob</span> <span class='ocrx_word' id='word_1_329' title='bbox 1230 2580 1366 2631; x_wconf 82' lang='lat' dir='ltr'><strong>inimicitias</strong></span> <span class='ocrx_word' id='word_1_330' title='bbox 1375 2596 1429 2643; x_wconf 79' lang='lat' dir='ltr'><strong>quae</strong></span> <span class='ocrx_word' id='word_1_331' title='bbox 1441 2581 1473 2630; x_wconf 90' lang='lat' dir='ltr'><strong>itii</strong></span> <span class='ocrx_word' id='word_1_332' title='bbox 1487 2596 1542 2631; x_wconf 81' lang='lat' dir='ltr'><strong>eoin</strong></span> <span class='ocrx_word' id='word_1_333' title='bbox 1556 2584 1671 2645; x_wconf 77' lang='lat' dir='ltr'><strong>Pompeio</strong></span> <span class='ocrx_word' id='word_1_334' title='bbox 1688 2584 1814 2632; x_wconf 85' lang='lat' dir='ltr'><strong>intercesse·</strong></span> 
     </span>
    </p>
   </div>
   <div class='ocr_carea' id='block_1_16' title="bbox 155 2658 1899 3000">
    <p class='ocr_par' dir='ltr' id='par_1_16' title="bbox 155 2658 1899 3000">
     <span class='ocr_line' id='line_1_25' title="bbox 232 2658 1899 2746; baseline -0.001 -30"><span class='ocrx_word' id='word_1_335' title='bbox 232 2683 298 2730; x_wconf 87' lang='grc' dir='ltr'>ιητα</span> <span class='ocrx_word' id='word_1_336' title='bbox 313 2659 474 2740; x_wconf 71' lang='grc' dir='ltr'>μέμφεσθαι,</span> <span class='ocrx_word' id='word_1_337' title='bbox 495 2661 540 2718; x_wconf 81' lang='grc' dir='ltr'>καὶ</span> <span class='ocrx_word' id='word_1_338' title='bbox 559 2662 639 2737; x_wconf 83' lang='grc' dir='ltr'>μηδὲν</span> <span class='ocrx_word' id='word_1_339' title='bbox 659 2664 694 2727; x_wconf 82' lang='grc' dir='ltr'>είς</span> <span class='ocrx_word' id='word_1_340' title='bbox 709 2662 751 2719; x_wconf 87' lang='grc' dir='ltr'>τὸν</span> <span class='ocrx_word' id='word_1_341' title='bbox 772 2659 841 2718; x_wconf 81' lang='grc' dir='ltr'>ἔλεον</span> <span class='ocrx_word' id='word_1_342' title='bbox 860 2658 1008 2741; x_wconf 81' lang='grc' dir='ltr'>παραμῖξαι</span> <span class='ocrx_word' id='word_1_343' title='bbox 1052 2669 1155 2726; x_wconf 79' lang='lat' dir='ltr'><strong>rernt,et</strong></span> <span class='ocrx_word' id='word_1_344' title='bbox 1166 2668 1233 2729; x_wconf 84' lang='lat' dir='ltr'><strong>queri</strong></span> <span class='ocrx_word' id='word_1_345' title='bbox 1245 2668 1276 2719; x_wconf 94' lang='lat' dir='ltr'>de</span> <span class='ocrx_word' id='word_1_346' title='bbox 1284 2669 1401 2731; x_wconf 77' lang='lat' dir='ltr'><strong>scipionis</strong></span> <span class='ocrx_word' id='word_1_347' title='bbox 1410 2670 1434 2717; x_wconf 89' lang='lat' dir='ltr'><strong>in</strong></span> <span class='ocrx_word' id='word_1_348' title='bbox 1444 2671 1540 2719; x_wconf 77' lang='lat' dir='ltr'><strong>tratrem</strong></span> <span class='ocrx_word' id='word_1_349' title='bbox 1551 2671 1708 2730; x_wconf 85' lang='lat' dir='ltr'><strong>crudetitete,</strong></span> <span class='ocrx_word' id='word_1_350' title='bbox 1720 2669 1817 2729; x_wconf 83' lang='lat' dir='ltr'><strong>nitritqne</strong></span> <span class='ocrx_word' id='word_1_351' title='bbox 1898 2701 1899 2746; x_wconf 63' lang='grc' dir='ltr'>γ</span> 
     </span>
     <span class='ocr_line' id='line_1_26' title="bbox 234 2746 1899 2827; baseline -0.001 -25"><span class='ocrx_word' id='word_1_352' title='bbox 234 2747 351 2826; x_wconf 80' lang='grc' dir='ltr'>ρθονερδν</span> <span class='ocrx_word' id='word_1_353' title='bbox 366 2746 460 2813; x_wconf 83' lang='grc' dir='ltr'>πάθος,</span> <span class='ocrx_word' id='word_1_354' title='bbox 475 2750 489 2803; x_wconf 82' lang='grc' dir='ltr'>ὁ</span> <span class='ocrx_word' id='word_1_355' title='bbox 506 2748 528 2803; x_wconf 87' lang='grc' dir='ltr'>δ’</span> <span class='ocrx_word' id='word_1_356' title='bbox 546 2748 590 2803; x_wconf 81' lang='grc' dir='ltr'>ἐπὶ</span> <span class='ocrx_word' id='word_1_357' title='bbox 604 2748 702 2813; x_wconf 87' lang='grc' dir='ltr'>τούτοις</span> <span class='ocrx_word' id='word_1_358' title='bbox 719 2748 848 2827; x_wconf 82' lang='grc' dir='ltr'>Ὑρκανοῦ</span> <span class='ocrx_word' id='word_1_359' title='bbox 867 2749 910 2805; x_wconf 81' lang='grc' dir='ltr'>καί</span> <span class='ocrx_word' id='word_1_360' title='bbox 925 2749 1005 2806; x_wconf 56' lang='grc' dir='ltr'>Ἀντί</span> <span class='ocrx_word' id='word_1_361' title='bbox 1051 2754 1114 2815; x_wconf 84' lang='lat' dir='ltr'><strong>qrrod</strong></span> <span class='ocrx_word' id='word_1_362' title='bbox 1133 2754 1245 2803; x_wconf 83' lang='lat' dir='ltr'><strong>invidiam</strong></span> <span class='ocrx_word' id='word_1_363' title='bbox 1261 2761 1367 2807; x_wconf 85' lang='lat' dir='ltr'><strong>moneret</strong></span> <span class='ocrx_word' id='word_1_364' title='bbox 1380 2756 1492 2807; x_wconf 79' lang='lat' dir='ltr'><strong>edtribere</strong></span> <span class='ocrx_word' id='word_1_365' title='bbox 1509 2758 1566 2806; x_wconf 89' lang='lat' dir='ltr'><strong>dom</strong></span> <span class='ocrx_word' id='word_1_366' title='bbox 1579 2758 1762 2807; x_wconf 81' lang='lat' dir='ltr'><strong>misericordiam</strong></span> <span class='ocrx_word' id='word_1_367' title='bbox 1777 2755 1814 2802; x_wconf 89' lang='lat' dir='ltr'><strong>im·</strong></span> <span class='ocrx_word' id='word_1_368' title='bbox 1898 2749 1899 2812; x_wconf 60' lang='grc' dir='ltr'>ἶ</span> 
     </span>
     <span class='ocr_line' id='line_1_27' title="bbox 194 2832 1899 2913; baseline -0.003 -20"><span class='ocrx_word' id='word_1_369' title='bbox 194 2856 219 2894; x_wconf 77' lang='grc' dir='ltr'>αι</span> <span class='ocrx_word' id='word_1_370' title='bbox 233 2833 332 2911; x_wconf 89' lang='grc' dir='ltr'>πάτρου</span> <span class='ocrx_word' id='word_1_371' title='bbox 353 2834 492 2913; x_wconf 87' lang='grc' dir='ltr'>κατηγόρει</span> <span class='ocrx_word' id='word_1_372' title='bbox 505 2832 651 2911; x_wconf 84' lang='grc' dir='ltr'>παρελθὼν,</span> <span class='ocrx_word' id='word_1_373' title='bbox 674 2838 709 2899; x_wconf 81' lang='grc' dir='ltr'>ὡς</span> <span class='ocrx_word' id='word_1_374' title='bbox 727 2834 939 2913; x_wconf 82' lang='grc' dir='ltr'>παρανομώτατα</span> <span class='ocrx_word' id='word_1_375' title='bbox 961 2835 1006 2912; x_wconf 74' lang='grc' dir='ltr'>μὲν</span> <span class='ocrx_word' id='word_1_376' title='bbox 1052 2842 1169 2901; x_wconf 74' lang='lat' dir='ltr'><strong>ploraret,</strong></span> <span class='ocrx_word' id='word_1_377' title='bbox 1187 2841 1227 2891; x_wconf 86' lang='lat' dir='ltr'><strong>itte</strong></span> <span class='ocrx_word' id='word_1_378' title='bbox 1243 2842 1266 2889; x_wconf 92' lang='lat' dir='ltr'><strong>in</strong></span> <span class='ocrx_word' id='word_1_379' title='bbox 1279 2842 1384 2892; x_wconf 85' lang='lat' dir='ltr'><strong>medium</strong></span> <span class='ocrx_word' id='word_1_380' title='bbox 1402 2844 1511 2905; x_wconf 84' lang='lat' dir='ltr'><strong>prodiens</strong></span> <span class='ocrx_word' id='word_1_381' title='bbox 1529 2850 1644 2907; x_wconf 67' lang='lat' dir='ltr'><strong>prseteree</strong></span> <span class='ocrx_word' id='word_1_382' title='bbox 1656 2849 1787 2907; x_wconf 70' lang='lat' dir='ltr'><strong>Hyrcanum</strong></span> <span class='ocrx_word' id='word_1_383' title='bbox 1795 2846 1816 2889; x_wconf 86' lang='lat' dir='ltr'>et</span> <span class='ocrx_word' id='word_1_384' title='bbox 1898 2877 1899 2910; x_wconf 42' lang='grc' dir='ltr'>γ</span> 
     </span>
     <span class='ocr_line' id='line_1_28' title="bbox 155 2917 1899 3000; baseline -0.002 -23"><span class='ocrx_word' id='word_1_385' title='bbox 155 2950 157 2955; x_wconf 87' lang='grc'><em>·</em></span> <span class='ocrx_word' id='word_1_386' title='bbox 234 2918 311 2977; x_wconf 85' lang='grc' dir='ltr'>αθτδν</span> <span class='ocrx_word' id='word_1_387' title='bbox 326 2917 391 2995; x_wconf 86' lang='grc' dir='ltr'>μιτδι</span> <span class='ocrx_word' id='word_1_388' title='bbox 404 2924 454 2975; x_wconf 82' lang='grc' dir='ltr'>τῶν</span> <span class='ocrx_word' id='word_1_389' title='bbox 470 2921 586 2999; x_wconf 82' lang='grc' dir='ltr'>ἀδελρῶν</span> <span class='ocrx_word' id='word_1_390' title='bbox 599 2921 687 2990; x_wconf 84' lang='grc' dir='ltr'>πάσης</span> <span class='ocrx_word' id='word_1_391' title='bbox 701 2922 867 2979; x_wconf 88' lang='grc' dir='ltr'>ἀπελαύνοιεν</span> <span class='ocrx_word' id='word_1_392' title='bbox 890 2928 937 2993; x_wconf 79' lang='grc' dir='ltr'>τῆς</span> <span class='ocrx_word' id='word_1_393' title='bbox 957 2945 1007 2980; x_wconf 89' lang='grc' dir='ltr'>πα-</span> <span class='ocrx_word' id='word_1_394' title='bbox 1052 2927 1201 2989; x_wconf 78' lang='lat' dir='ltr'><strong>Antipatrum</strong></span> <span class='ocrx_word' id='word_1_395' title='bbox 1209 2930 1411 2990; x_wconf 81' lang='lat' dir='ltr'><strong>aeerrsebat,aesi</strong></span> <span class='ocrx_word' id='word_1_396' title='bbox 1421 2931 1498 2993; x_wconf 85' lang='lat' dir='ltr'><strong>ipsum</strong></span> <span class='ocrx_word' id='word_1_397' title='bbox 1508 2931 1604 2993; x_wconf 75' lang='lat' dir='ltr'><strong>peridem</strong></span> <span class='ocrx_word' id='word_1_398' title='bbox 1614 2930 1815 2994; x_wconf 81' lang='lat' dir='ltr'><strong>iniqnissimecnm</strong></span> <span class='ocrx_word' id='word_1_399' title='bbox 1898 2947 1899 3000; x_wconf 44' lang='grc' dir='ltr'>ᾗ</span> 
     </span>
    </p>
   </div>
   <div class='ocr_carea' id='block_1_17' title="bbox 233 3004 1816 3174">
    <p class='ocr_par' dir='ltr' id='par_1_17' title="bbox 233 3004 1816 3174">
     <span class='ocr_line' id='line_1_29' title="bbox 233 3004 1816 3089; baseline 0.001 -28"><span class='ocrx_word' id='word_1_400' title='bbox 233 3004 305 3079; x_wconf 89' lang='grc' dir='ltr'>τρίου</span> <span class='ocrx_word' id='word_1_401' title='bbox 320 3010 382 3081; x_wconf 78' lang='grc' dir='ltr'>γῆς,</span> <span class='ocrx_word' id='word_1_402' title='bbox 395 3004 479 3062; x_wconf 84' lang='grc' dir='ltr'>πολλίι</span> <span class='ocrx_word' id='word_1_403' title='bbox 493 3004 517 3061; x_wconf 83' lang='grc' dir='ltr'>δ’</span> <span class='ocrx_word' id='word_1_404' title='bbox 528 3008 563 3071; x_wconf 84' lang='grc' dir='ltr'>εἰς</span> <span class='ocrx_word' id='word_1_405' title='bbox 577 3006 606 3063; x_wconf 83' lang='grc' dir='ltr'>τὸ</span> <span class='ocrx_word' id='word_1_406' title='bbox 623 3006 692 3072; x_wconf 82' lang='grc' dir='ltr'>ἔθνος</span> <span class='ocrx_word' id='word_1_407' title='bbox 713 3007 785 3065; x_wconf 85' lang='grc' dir='ltr'>αὐτοὶ</span> <span class='ocrx_word' id='word_1_408' title='bbox 801 3008 842 3065; x_wconf 82' lang='grc' dir='ltr'>διδι</span> <span class='ocrx_word' id='word_1_409' title='bbox 861 3008 935 3089; x_wconf 89' lang='grc' dir='ltr'>κόρον</span> <span class='ocrx_word' id='word_1_410' title='bbox 950 3010 1005 3077; x_wconf 80' lang='grc' dir='ltr'>ἑξυ·</span> <span class='ocrx_word' id='word_1_411' title='bbox 1051 3014 1163 3064; x_wconf 85' lang='lat' dir='ltr'><strong>iratribus</strong></span> <span class='ocrx_word' id='word_1_412' title='bbox 1174 3016 1224 3065; x_wconf 87' lang='lat' dir='ltr'><strong>suis</strong></span> <span class='ocrx_word' id='word_1_413' title='bbox 1239 3017 1303 3065; x_wconf 91' lang='lat' dir='ltr'><strong>omni</strong></span> <span class='ocrx_word' id='word_1_414' title='bbox 1315 3016 1346 3065; x_wconf 90' lang='lat' dir='ltr'>de</span> <span class='ocrx_word' id='word_1_415' title='bbox 1363 3019 1424 3066; x_wconf 87' lang='lat' dir='ltr'><strong>terra</strong></span> <span class='ocrx_word' id='word_1_416' title='bbox 1436 3018 1511 3079; x_wconf 86' lang='lat' dir='ltr'><strong>petrie</strong></span> <span class='ocrx_word' id='word_1_417' title='bbox 1526 3018 1677 3080; x_wconf 68' lang='lat' dir='ltr'><strong>abegissent,</strong></span> <span class='ocrx_word' id='word_1_418' title='bbox 1696 3017 1816 3076; x_wconf 74' lang='lat' dir='ltr'><strong>mettisque</strong></span> 
     </span>
     <span class='ocr_line' id='line_1_30' title="bbox 234 3090 1815 3174; baseline 0 -26"><span class='ocrx_word' id='word_1_419' title='bbox 234 3091 352 3169; x_wconf 77' lang='grc' dir='ltr'>όρίζοιεν·</span> <span class='ocrx_word' id='word_1_420' title='bbox 366 3092 410 3150; x_wconf 82' lang='grc' dir='ltr'>καί</span> <span class='ocrx_word' id='word_1_421' title='bbox 424 3090 463 3150; x_wconf 83' lang='grc' dir='ltr'>ότι</span> <span class='ocrx_word' id='word_1_422' title='bbox 475 3090 522 3163; x_wconf 75' lang='grc' dir='ltr'>τὴν</span> <span class='ocrx_word' id='word_1_423' title='bbox 537 3095 572 3159; x_wconf 85' lang='grc' dir='ltr'>είς</span> <span class='ocrx_word' id='word_1_424' title='bbox 591 3093 721 3170; x_wconf 78' lang='grc' dir='ltr'>Αἴγυπτον</span> <span class='ocrx_word' id='word_1_425' title='bbox 739 3095 892 3174; x_wconf 78' lang='grc' dir='ltr'>συμμαχίαν</span> <span class='ocrx_word' id='word_1_426' title='bbox 906 3099 951 3154; x_wconf 88' lang='grc' dir='ltr'>οὐκ</span> <span class='ocrx_word' id='word_1_427' title='bbox 966 3098 1007 3155; x_wconf 83' lang='grc' dir='ltr'>ἐπ’</span> <span class='ocrx_word' id='word_1_428' title='bbox 1050 3101 1095 3164; x_wconf 89' lang='lat' dir='ltr'><strong>ipsi</strong></span> <span class='ocrx_word' id='word_1_429' title='bbox 1112 3107 1205 3164; x_wconf 82' lang='lat' dir='ltr'><strong>gentem</strong></span> <span class='ocrx_word' id='word_1_430' title='bbox 1218 3103 1309 3165; x_wconf 79' lang='lat' dir='ltr'><strong>injuriis</strong></span> <span class='ocrx_word' id='word_1_431' title='bbox 1320 3117 1349 3153; x_wconf 80' lang='lat' dir='ltr'>ea</span> <span class='ocrx_word' id='word_1_432' title='bbox 1364 3106 1494 3166; x_wconf 75' lang='lat' dir='ltr'><strong>penitentie</strong></span> <span class='ocrx_word' id='word_1_433' title='bbox 1505 3106 1655 3165; x_wconf 70' lang='lat' dir='ltr'><strong>effecissent,</strong></span> <span class='ocrx_word' id='word_1_434' title='bbox 1673 3104 1781 3169; x_wconf 85' lang='lat' dir='ltr'><strong>qnodque</strong></span> <span class='ocrx_word' id='word_1_435' title='bbox 1794 3103 1815 3148; x_wconf 90' lang='lat' dir='ltr'><strong>in</strong></span> 
     </span>
    </p>
   </div>
   <div class='ocr_carea' id='block_1_18' title="bbox 232 3179 1899 3261">
    <p class='ocr_par' dir='ltr' id='par_1_18' title="bbox 232 3179 1899 3261">
     <span class='ocr_line' id='line_1_31' title="bbox 232 3179 1899 3261; baseline 0 -24"><span class='ocrx_word' id='word_1_436' title='bbox 232 3179 316 3259; x_wconf 74' lang='grc' dir='ltr'>εὐνοία</span> <span class='ocrx_word' id='word_1_437' title='bbox 327 3182 398 3261; x_wconf 81' lang='grc' dir='ltr'>αὐτῷ</span> <span class='ocrx_word' id='word_1_438' title='bbox 412 3179 553 3259; x_wconf 80' lang='grc' dir='ltr'>πέμψειαν,</span> <span class='ocrx_word' id='word_1_439' title='bbox 565 3179 632 3238; x_wconf 79' lang='grc' dir='ltr'>ἀλλά</span> <span class='ocrx_word' id='word_1_440' title='bbox 646 3180 713 3239; x_wconf 74' lang='grc' dir='ltr'>κατὰ</span> <span class='ocrx_word' id='word_1_441' title='bbox 728 3182 782 3247; x_wconf 86' lang='grc' dir='ltr'>δέος</span> <span class='ocrx_word' id='word_1_442' title='bbox 794 3186 843 3240; x_wconf 84' lang='grc' dir='ltr'>τῶν</span> <span class='ocrx_word' id='word_1_443' title='bbox 855 3183 938 3241; x_wconf 88' lang='grc' dir='ltr'>πάλαι</span> <span class='ocrx_word' id='word_1_444' title='bbox 951 3186 1006 3242; x_wconf 82' lang='grc' dir='ltr'>δια·</span> <span class='ocrx_word' id='word_1_445' title='bbox 1049 3191 1814 3253; x_wconf 78' lang='lat' dir='ltr'><strong>AEgyptnmanaitteeinonenbererntentiamiseriot,sedmetn</strong></span> <span class='ocrx_word' id='word_1_446' title='bbox 1898 3207 1899 3214; x_wconf 38' lang='grc' dir='ltr'>ν</span> 
     </span>
    </p>
   </div>
   <div class='ocr_carea' id='block_1_19' title="bbox 191 3268 1816 4751">
    <p class='ocr_par' dir='ltr' id='par_1_19' title="bbox 193 3268 1816 3429">
     <span class='ocr_line' id='line_1_32' title="bbox 193 3268 1816 3350; baseline 0.001 -26"><span class='ocrx_word' id='word_1_447' title='bbox 193 3286 219 3324; x_wconf 79' lang='lat' dir='ltr'>ao</span> <span class='ocrx_word' id='word_1_448' title='bbox 231 3270 324 3346; x_wconf 85' lang='grc' dir='ltr'>ρορῶν,</span> <span class='ocrx_word' id='word_1_449' title='bbox 336 3268 437 3339; x_wconf 75' lang='grc' dir='ltr'>κοίτην</span> <span class='ocrx_word' id='word_1_450' title='bbox 451 3269 514 3348; x_wconf 87' lang='grc' dir='ltr'>πρὸς</span> <span class='ocrx_word' id='word_1_451' title='bbox 524 3268 565 3327; x_wconf 84' lang='grc' dir='ltr'>τὸν</span> <span class='ocrx_word' id='word_1_452' title='bbox 578 3269 718 3345; x_wconf 72' lang='grc' dir='ltr'>Πομπήιον</span> <span class='ocrx_word' id='word_1_453' title='bbox 733 3268 818 3350; x_wconf 78' lang='grc' dir='ltr'>ρι’κίαν</span> <span class='ocrx_word' id='word_1_454' title='bbox 832 3273 1006 3340; x_wconf 75' lang='grc' dir='ltr'>ἀποσκευαζό·</span> <span class='ocrx_word' id='word_1_455' title='bbox 1050 3283 1157 3325; x_wconf 86' lang='lat' dir='ltr'><strong>reterom</strong></span> <span class='ocrx_word' id='word_1_456' title='bbox 1169 3277 1357 3338; x_wconf 81' lang='lat' dir='ltr'><strong>inimicitiarum,</strong></span> <span class='ocrx_word' id='word_1_457' title='bbox 1368 3281 1394 3327; x_wconf 89' lang='lat' dir='ltr'>et</span> <span class='ocrx_word' id='word_1_458' title='bbox 1410 3280 1572 3328; x_wconf 86' lang='lat' dir='ltr'><strong>utemieitiem</strong></span> <span class='ocrx_word' id='word_1_459' title='bbox 1588 3291 1643 3328; x_wconf 89' lang='lat' dir='ltr'>enm</span> <span class='ocrx_word' id='word_1_460' title='bbox 1662 3276 1770 3343; x_wconf 74' lang='lat' dir='ltr'><strong>Pompeio</strong></span> <span class='ocrx_word' id='word_1_461' title='bbox 1787 3274 1816 3323; x_wconf 80' lang='lat' dir='ltr'><strong>in·</strong></span> 
     </span>
     <span class='ocr_line' id='line_1_33' title="bbox 233 3360 1358 3429; baseline 0.003 -19"><span class='ocrx_word' id='word_1_462' title='bbox 233 3376 313 3429; x_wconf 91' lang='grc' dir='ltr'>μενοι.</span> <span class='ocrx_word' id='word_1_463' title='bbox 872 3360 875 3367; x_wconf 87' lang='grc'><em>“</em></span> <span class='ocrx_word' id='word_1_464' title='bbox 1050 3364 1157 3412; x_wconf 86' lang='lat' dir='ltr'><strong>etitntem</strong></span> <span class='ocrx_word' id='word_1_465' title='bbox 1167 3364 1358 3425; x_wconf 84' lang='lat' dir='ltr'><strong>deprecarentur.</strong></span> 
     </span>
    </p>

    <p class='ocr_par' dir='ltr' id='par_1_20' title="bbox 231 3434 1814 3694">
     <span class='ocr_line' id='line_1_34' title="bbox 271 3434 1814 3521; baseline -0.003 -20"><span class='ocrx_word' id='word_1_466' title='bbox 271 3434 310 3519; x_wconf 69' lang='grc' dir='ltr'><strong>β’.’</strong></span> <span class='ocrx_word' id='word_1_467' title='bbox 329 3442 397 3520; x_wconf 84' lang='grc' dir='ltr'>Πρὸς</span> <span class='ocrx_word' id='word_1_468' title='bbox 407 3444 478 3499; x_wconf 76' lang='grc' dir='ltr'>ταῦθ’</span> <span class='ocrx_word' id='word_1_469' title='bbox 490 3441 678 3521; x_wconf 71' lang='grc' dir='ltr'>δ’νλντίπατρος</span> <span class='ocrx_word' id='word_1_470' title='bbox 693 3442 838 3521; x_wconf 73' lang='grc' dir='ltr'>ἀπορρίψας</span> <span class='ocrx_word' id='word_1_471' title='bbox 848 3442 895 3512; x_wconf 78' lang='grc' dir='ltr'>τὴν</span> <span class='ocrx_word' id='word_1_472' title='bbox 910 3445 1005 3514; x_wconf 81' lang='grc' dir='ltr'>ἐσθῆτα</span> <span class='ocrx_word' id='word_1_473' title='bbox 1080 3456 1104 3497; x_wconf 77' lang='lat' dir='ltr'>t.</span> <span class='ocrx_word' id='word_1_474' title='bbox 1121 3449 1156 3499; x_wconf 84' lang='lat' dir='ltr'><strong>nd</strong></span> <span class='ocrx_word' id='word_1_475' title='bbox 1169 3451 1221 3498; x_wconf 81' lang='lat' dir='ltr'><strong>tneo</strong></span> <span class='ocrx_word' id='word_1_476' title='bbox 1232 3452 1353 3512; x_wconf 75' lang='lat' dir='ltr'><strong>Antipater</strong></span> <span class='ocrx_word' id='word_1_477' title='bbox 1365 3455 1430 3501; x_wconf 82' lang='lat' dir='ltr'><strong>reste</strong></span> <span class='ocrx_word' id='word_1_478' title='bbox 1446 3452 1537 3514; x_wconf 80' lang='lat' dir='ltr'><strong>abjecta</strong></span> <span class='ocrx_word' id='word_1_479' title='bbox 1551 3454 1677 3503; x_wconf 75' lang='lat' dir='ltr'><strong>volnerum</strong></span> <span class='ocrx_word' id='word_1_480' title='bbox 1692 3449 1814 3502; x_wconf 88' lang='lat' dir='ltr'><strong>muttitndi·</strong></span> 
     </span>
     <span class='ocr_line' id='line_1_35' title="bbox 231 3527 1814 3607; baseline 0.001 -22"><span class='ocrx_word' id='word_1_481' title='bbox 231 3527 260 3585; x_wconf 90' lang='grc' dir='ltr'>τδ</span> <span class='ocrx_word' id='word_1_482' title='bbox 267 3531 363 3599; x_wconf 85' lang='grc' dir='ltr'>πλῆθος</span> <span class='ocrx_word' id='word_1_483' title='bbox 372 3529 516 3587; x_wconf 80' lang='grc' dir='ltr'>ἐπεδείκνυε</span> <span class='ocrx_word' id='word_1_484' title='bbox 530 3533 581 3587; x_wconf 89' lang='grc' dir='ltr'>τῶν</span> <span class='ocrx_word' id='word_1_485' title='bbox 598 3529 763 3607; x_wconf 84' lang='grc' dir='ltr'>τραυμάτων,</span> <span class='ocrx_word' id='word_1_486' title='bbox 774 3529 818 3585; x_wconf 81' lang='grc' dir='ltr'>καὶ</span> <span class='ocrx_word' id='word_1_487' title='bbox 830 3530 889 3607; x_wconf 83' lang='grc' dir='ltr'>περὶ</span> <span class='ocrx_word' id='word_1_488' title='bbox 901 3530 947 3606; x_wconf 77' lang='grc' dir='ltr'>μὲν</span> <span class='ocrx_word' id='word_1_489' title='bbox 960 3538 1006 3602; x_wconf 78' lang='grc' dir='ltr'>τῆς</span> <span class='ocrx_word' id='word_1_490' title='bbox 1048 3550 1103 3584; x_wconf 87' lang='lat' dir='ltr'>nem</span> <span class='ocrx_word' id='word_1_491' title='bbox 1113 3536 1191 3597; x_wconf 82' lang='lat' dir='ltr'><strong>patena</strong></span> <span class='ocrx_word' id='word_1_492' title='bbox 1205 3537 1318 3597; x_wconf 84' lang='lat' dir='ltr'><strong>taeietmt,</strong></span> <span class='ocrx_word' id='word_1_493' title='bbox 1327 3542 1352 3586; x_wconf 90' lang='lat' dir='ltr'>et</span> <span class='ocrx_word' id='word_1_494' title='bbox 1360 3538 1390 3587; x_wconf 91' lang='lat' dir='ltr'>de</span> <span class='ocrx_word' id='word_1_495' title='bbox 1398 3552 1443 3587; x_wconf 81' lang='lat' dir='ltr'>eoa</span> <span class='ocrx_word' id='word_1_496' title='bbox 1451 3539 1548 3601; x_wconf 87' lang='lat' dir='ltr'><strong>quidem</strong></span> <span class='ocrx_word' id='word_1_497' title='bbox 1558 3540 1582 3588; x_wconf 90' lang='lat' dir='ltr'><strong>in</strong></span> <span class='ocrx_word' id='word_1_498' title='bbox 1592 3543 1710 3589; x_wconf 73' lang='lat' dir='ltr'><strong>caesarem</strong></span> <span class='ocrx_word' id='word_1_499' title='bbox 1721 3540 1814 3589; x_wconf 71' lang='lat' dir='ltr'><strong>benere</strong></span> 
     </span>
     <span class='ocr_line' id='line_1_36' title="bbox 231 3612 1814 3694; baseline 0.001 -23"><span class='ocrx_word' id='word_1_500' title='bbox 231 3618 266 3681; x_wconf 86' lang='grc' dir='ltr'>είς</span> <span class='ocrx_word' id='word_1_501' title='bbox 282 3615 403 3693; x_wconf 81' lang='grc' dir='ltr'>Καίσαρα</span> <span class='ocrx_word' id='word_1_502' title='bbox 425 3612 522 3679; x_wconf 80' lang='grc' dir='ltr'>εὐνοίας</span> <span class='ocrx_word' id='word_1_503' title='bbox 542 3617 587 3671; x_wconf 77' lang='grc' dir='ltr'>οὐκ</span> <span class='ocrx_word' id='word_1_504' title='bbox 604 3612 651 3692; x_wconf 81' lang='grc' dir='ltr'>ἔρη</span> <span class='ocrx_word' id='word_1_505' title='bbox 662 3613 738 3687; x_wconf 89' lang='grc' dir='ltr'>λόγου</span> <span class='ocrx_word' id='word_1_506' title='bbox 749 3615 799 3670; x_wconf 88' lang='grc' dir='ltr'>δεῖν</span> <span class='ocrx_word' id='word_1_507' title='bbox 812 3616 902 3694; x_wconf 83' lang='grc' dir='ltr'>αύτῷ,</span> <span class='ocrx_word' id='word_1_508' title='bbox 911 3638 1004 3692; x_wconf 83' lang='grc' dir='ltr'>κεκρα-</span> <span class='ocrx_word' id='word_1_509' title='bbox 1049 3622 1121 3671; x_wconf 81' lang='lat' dir='ltr'><strong>lentio</strong></span> <span class='ocrx_word' id='word_1_510' title='bbox 1134 3636 1181 3670; x_wconf 91' lang='lat' dir='ltr'>non</span> <span class='ocrx_word' id='word_1_511' title='bbox 1192 3636 1254 3685; x_wconf 89' lang='lat' dir='ltr'><strong>opns</strong></span> <span class='ocrx_word' id='word_1_512' title='bbox 1263 3638 1316 3673; x_wconf 83' lang='lat' dir='ltr'><strong>esse</strong></span> <span class='ocrx_word' id='word_1_513' title='bbox 1324 3624 1370 3674; x_wconf 79' lang='lat' dir='ltr'><strong>nitri</strong></span> <span class='ocrx_word' id='word_1_514' title='bbox 1385 3624 1479 3675; x_wconf 77' lang='lat' dir='ltr'><strong>dicebat</strong></span> <span class='ocrx_word' id='word_1_515' title='bbox 1487 3627 1559 3675; x_wconf 83' lang='lat' dir='ltr'><strong>rerba</strong></span> <span class='ocrx_word' id='word_1_516' title='bbox 1571 3628 1724 3689; x_wconf 84' lang='lat' dir='ltr'><strong>tecere;nam</strong></span> <span class='ocrx_word' id='word_1_517' title='bbox 1735 3636 1814 3685; x_wconf 83' lang='lat' dir='ltr'><strong>eorpus</strong></span> 
     </span>
    </p>

    <p class='ocr_par' dir='ltr' id='par_1_21' title="bbox 192 3698 1814 4127">
     <span class='ocr_line' id='line_1_37' title="bbox 192 3698 1814 3780; baseline 0 -23"><span class='ocrx_word' id='word_1_518' title='bbox 192 3724 217 3763; x_wconf 73' lang='grc' dir='ltr'>τε</span> <span class='ocrx_word' id='word_1_519' title='bbox 232 3702 304 3778; x_wconf 85' lang='grc' dir='ltr'>γε’ναι</span> <span class='ocrx_word' id='word_1_520' title='bbox 315 3704 365 3780; x_wconf 76' lang='grc' dir='ltr'>γὰρ</span> <span class='ocrx_word' id='word_1_521' title='bbox 375 3701 405 3758; x_wconf 85' lang='grc' dir='ltr'>τδ</span> <span class='ocrx_word' id='word_1_522' title='bbox 417 3704 493 3774; x_wconf 82' lang='grc' dir='ltr'>σῶμα</span> <span class='ocrx_word' id='word_1_523' title='bbox 505 3704 660 3764; x_wconf 84' lang='grc' dir='ltr'>σιωπῶντος·</span> <span class='ocrx_word' id='word_1_524' title='bbox 673 3698 814 3777; x_wconf 82' lang='grc' dir='ltr'>Ἀντιγόνου</span> <span class='ocrx_word' id='word_1_525' title='bbox 826 3701 851 3758; x_wconf 82' lang='grc' dir='ltr'>δὲ</span> <span class='ocrx_word' id='word_1_526' title='bbox 867 3704 1004 3777; x_wconf 80' lang='grc' dir='ltr'>θαυμάζειν</span> <span class='ocrx_word' id='word_1_527' title='bbox 1049 3710 1119 3757; x_wconf 87' lang='lat' dir='ltr'><strong>etiam</strong></span> <span class='ocrx_word' id='word_1_528' title='bbox 1128 3723 1154 3759; x_wconf 86' lang='lat' dir='ltr'>ae</span> <span class='ocrx_word' id='word_1_529' title='bbox 1165 3713 1258 3759; x_wconf 83' lang='lat' dir='ltr'><strong>tecente</strong></span> <span class='ocrx_word' id='word_1_530' title='bbox 1267 3711 1369 3760; x_wconf 80' lang='lat' dir='ltr'><strong>clamere</strong></span> <span class='ocrx_word' id='word_1_531' title='bbox 1380 3727 1387 3759; x_wconf 78' lang='grc' dir='ltr'>ι</span> <span class='ocrx_word' id='word_1_532' title='bbox 1399 3713 1508 3773; x_wconf 77' lang='lat' dir='ltr'><strong>Antigoni</strong></span> <span class='ocrx_word' id='word_1_533' title='bbox 1525 3726 1581 3762; x_wconf 82' lang='lat' dir='ltr'><strong>nero</strong></span> <span class='ocrx_word' id='word_1_534' title='bbox 1593 3714 1715 3763; x_wconf 84' lang='lat' dir='ltr'><strong>andaciam</strong></span> <span class='ocrx_word' id='word_1_535' title='bbox 1728 3710 1814 3766; x_wconf 86' lang='lat' dir='ltr'><strong>mirari,</strong></span> 
     </span>
     <span class='ocr_line' id='line_1_38' title="bbox 232 3784 1813 3862; baseline 0.001 -18"><span class='ocrx_word' id='word_1_536' title='bbox 232 3786 279 3857; x_wconf 81' lang='grc' dir='ltr'>τὴν</span> <span class='ocrx_word' id='word_1_537' title='bbox 293 3790 401 3861; x_wconf 81' lang='grc' dir='ltr'>τόλμαν,</span> <span class='ocrx_word' id='word_1_538' title='bbox 421 3789 444 3843; x_wconf 86' lang='grc' dir='ltr'>εί</span> <span class='ocrx_word' id='word_1_539' title='bbox 457 3786 582 3862; x_wconf 81' lang='grc' dir='ltr'>πολεμίου</span> <span class='ocrx_word' id='word_1_540' title='bbox 598 3785 739 3861; x_wconf 86' lang='grc' dir='ltr'>Ῥωμαίων</span> <span class='ocrx_word' id='word_1_541' title='bbox 757 3787 809 3853; x_wconf 85' lang='grc' dir='ltr'>υίὸς</span> <span class='ocrx_word' id='word_1_542' title='bbox 826 3784 861 3843; x_wconf 84' lang='grc' dir='ltr'>δνν</span> <span class='ocrx_word' id='word_1_543' title='bbox 878 3789 922 3845; x_wconf 80' lang='grc' dir='ltr'>καὶ</span> <span class='ocrx_word' id='word_1_544' title='bbox 937 3789 1004 3849; x_wconf 86' lang='grc' dir='ltr'>Ῥω·</span> <span class='ocrx_word' id='word_1_545' title='bbox 1048 3797 1103 3859; x_wconf 84' lang='lat' dir='ltr'><strong>qni,</strong></span> <span class='ocrx_word' id='word_1_546' title='bbox 1113 3810 1187 3859; x_wconf 84' lang='lat' dir='ltr'><strong>quom</strong></span> <span class='ocrx_word' id='word_1_547' title='bbox 1198 3798 1273 3847; x_wconf 84' lang='lat' dir='ltr'><strong>nostis</strong></span> <span class='ocrx_word' id='word_1_548' title='bbox 1282 3802 1441 3848; x_wconf 80' lang='lat' dir='ltr'><strong>Romanorum</strong></span> <span class='ocrx_word' id='word_1_549' title='bbox 1453 3801 1484 3848; x_wconf 87' lang='lat' dir='ltr'>sit</span> <span class='ocrx_word' id='word_1_550' title='bbox 1493 3801 1555 3849; x_wconf 90' lang='lat' dir='ltr'><strong>titios</strong></span> <span class='ocrx_word' id='word_1_551' title='bbox 1566 3804 1590 3849; x_wconf 87' lang='lat' dir='ltr'>et</span> <span class='ocrx_word' id='word_1_552' title='bbox 1601 3802 1695 3862; x_wconf 74' lang='lat' dir='ltr'><strong>ingitiri</strong></span> <span class='ocrx_word' id='word_1_553' title='bbox 1704 3804 1813 3851; x_wconf 74' lang='lat' dir='ltr'><strong>nomano-</strong></span> 
     </span>
     <span class='ocr_line' id='line_1_39' title="bbox 232 3864 1813 3952; baseline 0.003 -23"><span class='ocrx_word' id='word_1_554' title='bbox 232 3874 315 3949; x_wconf 86' lang='grc' dir='ltr'>μαίων</span> <span class='ocrx_word' id='word_1_555' title='bbox 326 3874 467 3952; x_wconf 81' lang='grc' dir='ltr'>δραπέτου,</span> <span class='ocrx_word' id='word_1_556' title='bbox 479 3874 523 3930; x_wconf 84' lang='grc' dir='ltr'>καὶ</span> <span class='ocrx_word' id='word_1_557' title='bbox 535 3872 563 3929; x_wconf 82' lang='grc' dir='ltr'>τὸ</span> <span class='ocrx_word' id='word_1_558' title='bbox 573 3873 752 3948; x_wconf 81' lang='grc' dir='ltr'>νεωτεροποιὸς</span> <span class='ocrx_word' id='word_1_559' title='bbox 760 3864 825 3930; x_wconf 79' lang='grc' dir='ltr'>εῖναι</span> <span class='ocrx_word' id='word_1_560' title='bbox 835 3874 880 3931; x_wconf 85' lang='grc' dir='ltr'>καὶ</span> <span class='ocrx_word' id='word_1_561' title='bbox 891 3877 1004 3933; x_wconf 83' lang='grc' dir='ltr'>στασιόν-</span> <span class='ocrx_word' id='word_1_562' title='bbox 1049 3896 1114 3942; x_wconf 87' lang='lat' dir='ltr'><strong>rrrm,</strong></span> <span class='ocrx_word' id='word_1_563' title='bbox 1126 3888 1150 3932; x_wconf 90' lang='lat' dir='ltr'>et</span> <span class='ocrx_word' id='word_1_564' title='bbox 1166 3897 1281 3933; x_wconf 83' lang='lat' dir='ltr'><strong>noverum</strong></span> <span class='ocrx_word' id='word_1_565' title='bbox 1298 3899 1378 3934; x_wconf 90' lang='lat' dir='ltr'><strong>rernm</strong></span> <span class='ocrx_word' id='word_1_566' title='bbox 1395 3887 1519 3935; x_wconf 87' lang='lat' dir='ltr'><strong>studiosus</strong></span> <span class='ocrx_word' id='word_1_567' title='bbox 1537 3887 1713 3950; x_wconf 82' lang='lat' dir='ltr'><strong>seditiososque</strong></span> <span class='ocrx_word' id='word_1_568' title='bbox 1729 3890 1813 3949; x_wconf 84' lang='lat' dir='ltr'><strong>petrem</strong></span> 
     </span>
     <span class='ocr_line' id='line_1_40' title="bbox 231 3958 1811 4040; baseline -0.001 -22"><span class='ocrx_word' id='word_1_569' title='bbox 231 3963 276 4030; x_wconf 90' lang='grc' dir='ltr'>δης</span> <span class='ocrx_word' id='word_1_570' title='bbox 291 3962 364 4026; x_wconf 79' lang='grc' dir='ltr'>αὐτὸς</span> <span class='ocrx_word' id='word_1_571' title='bbox 374 3966 494 4040; x_wconf 84' lang='grc' dir='ltr'>πατρῷον</span> <span class='ocrx_word' id='word_1_572' title='bbox 510 3958 585 4038; x_wconf 83' lang='grc' dir='ltr'>ἔχων,</span> <span class='ocrx_word' id='word_1_573' title='bbox 600 3960 673 4038; x_wconf 79' lang='grc' dir='ltr'>παρὰ</span> <span class='ocrx_word' id='word_1_574' title='bbox 688 3964 724 4039; x_wconf 84' lang='grc' dir='ltr'>τῷ</span> <span class='ocrx_word' id='word_1_575' title='bbox 744 3958 883 4035; x_wconf 85' lang='grc' dir='ltr'>Ῥωμαίων</span> <span class='ocrx_word' id='word_1_576' title='bbox 897 3964 1004 4039; x_wconf 84' lang='grc' dir='ltr'>ἡγεμόνι</span> <span class='ocrx_word' id='word_1_577' title='bbox 1047 3970 1163 4031; x_wconf 88' lang='lat' dir='ltr'><strong>imitetur,</strong></span> <span class='ocrx_word' id='word_1_578' title='bbox 1174 3971 1236 4033; x_wconf 91' lang='lat' dir='ltr'><strong>apud</strong></span> <span class='ocrx_word' id='word_1_579' title='bbox 1249 3975 1409 4021; x_wconf 82' lang='lat' dir='ltr'><strong>itonmnorom</strong></span> <span class='ocrx_word' id='word_1_580' title='bbox 1420 3974 1544 4035; x_wconf 76' lang='lat' dir='ltr'><strong>prresidem</strong></span> <span class='ocrx_word' id='word_1_581' title='bbox 1558 3980 1641 4023; x_wconf 84' lang='lat' dir='ltr'><strong>contra</strong></span> <span class='ocrx_word' id='word_1_582' title='bbox 1652 3975 1712 4025; x_wconf 85' lang='lat' dir='ltr'><strong>aiios</strong></span> <span class='ocrx_word' id='word_1_583' title='bbox 1722 3984 1811 4022; x_wconf 78' lang='lat' dir='ltr'><strong>stense-</strong></span> 
     </span>
     <span class='ocr_line' id='line_1_41' title="bbox 231 4045 1813 4127; baseline 0 -23"><span class='ocrx_word' id='word_1_584' title='bbox 231 4049 382 4127; x_wconf 82' lang='grc' dir='ltr'>κατηγορεῖν</span> <span class='ocrx_word' id='word_1_585' title='bbox 396 4046 590 4125; x_wconf 72' lang='grc' dir='ltr'>ἐπικεχείρηκεν</span> <span class='ocrx_word' id='word_1_586' title='bbox 605 4045 708 4126; x_wconf 78' lang='grc' dir='ltr'>ἑτέρων,</span> <span class='ocrx_word' id='word_1_587' title='bbox 723 4046 767 4104; x_wconf 83' lang='grc' dir='ltr'>καί</span> <span class='ocrx_word' id='word_1_588' title='bbox 780 4056 902 4125; x_wconf 75' lang='grc' dir='ltr'>πειρᾶται</span> <span class='ocrx_word' id='word_1_589' title='bbox 918 4052 1005 4127; x_wconf 81' lang='grc' dir='ltr'>τυχεῖν</span> <span class='ocrx_word' id='word_1_590' title='bbox 1048 4058 1135 4106; x_wconf 87' lang='lat' dir='ltr'><strong>tionem</strong></span> <span class='ocrx_word' id='word_1_591' title='bbox 1144 4058 1279 4116; x_wconf 88' lang='lat' dir='ltr'><strong>instituerit,</strong></span> <span class='ocrx_word' id='word_1_592' title='bbox 1286 4064 1311 4109; x_wconf 90' lang='lat' dir='ltr'>et</span> <span class='ocrx_word' id='word_1_593' title='bbox 1318 4061 1471 4109; x_wconf 77' lang='lat' dir='ltr'><strong>emolumenti</strong></span> <span class='ocrx_word' id='word_1_594' title='bbox 1479 4060 1569 4122; x_wconf 79' lang='lat' dir='ltr'><strong>atiqoid</strong></span> <span class='ocrx_word' id='word_1_595' title='bbox 1576 4074 1713 4122; x_wconf 80' lang='lat' dir='ltr'><strong>enrnparare</strong></span> <span class='ocrx_word' id='word_1_596' title='bbox 1719 4058 1813 4113; x_wconf 85' lang='lat' dir='ltr'><strong>stodeat,</strong></span> 
     </span>
    </p>

    <p class='ocr_par' dir='ltr' id='par_1_22' title="bbox 191 4133 1813 4476">
     <span class='ocr_line' id='line_1_42' title="bbox 191 4133 1813 4216; baseline -0.002 -25"><span class='ocrx_word' id='word_1_597' title='bbox 191 4162 218 4199; x_wconf 71' lang='lat'>40</span> <span class='ocrx_word' id='word_1_598' title='bbox 231 4138 327 4210; x_wconf 79' lang='grc' dir='ltr'>ἀγαθοῦ</span> <span class='ocrx_word' id='word_1_599' title='bbox 350 4156 429 4204; x_wconf 88' lang='grc' dir='ltr'>τινος,</span> <span class='ocrx_word' id='word_1_600' title='bbox 450 4134 506 4192; x_wconf 77' lang='grc' dir='ltr'>δέον</span> <span class='ocrx_word' id='word_1_601' title='bbox 520 4137 631 4209; x_wconf 77' lang='grc' dir='ltr'>ἀγαπᾶν</span> <span class='ocrx_word' id='word_1_602' title='bbox 644 4133 682 4191; x_wconf 84' lang='grc' dir='ltr'>ὅτι</span> <span class='ocrx_word' id='word_1_603' title='bbox 698 4138 738 4212; x_wconf 79' lang='grc' dir='ltr'>ζῇ·</span> <span class='ocrx_word' id='word_1_604' title='bbox 760 4135 804 4191; x_wconf 85' lang='grc' dir='ltr'>καὶ</span> <span class='ocrx_word' id='word_1_605' title='bbox 818 4136 868 4215; x_wconf 85' lang='grc' dir='ltr'>γάρ</span> <span class='ocrx_word' id='word_1_606' title='bbox 881 4141 924 4192; x_wconf 82' lang='grc' dir='ltr'>νῦν</span> <span class='ocrx_word' id='word_1_607' title='bbox 935 4136 1003 4216; x_wconf 81' lang='grc' dir='ltr'>ἐρίε·</span> <span class='ocrx_word' id='word_1_608' title='bbox 1047 4157 1121 4205; x_wconf 84' lang='lat' dir='ltr'><strong>quom</strong></span> <span class='ocrx_word' id='word_1_609' title='bbox 1131 4144 1312 4193; x_wconf 78' lang='lat' dir='ltr'><strong>ism-contentos</strong></span> <span class='ocrx_word' id='word_1_610' title='bbox 1323 4158 1375 4194; x_wconf 84' lang='lat' dir='ltr'><strong>esse</strong></span> <span class='ocrx_word' id='word_1_611' title='bbox 1386 4146 1483 4195; x_wconf 83' lang='lat' dir='ltr'><strong>deberet</strong></span> <span class='ocrx_word' id='word_1_612' title='bbox 1492 4147 1555 4208; x_wconf 86' lang='lat' dir='ltr'><strong>quod</strong></span> <span class='ocrx_word' id='word_1_613' title='bbox 1566 4148 1631 4196; x_wconf 79' lang='lat' dir='ltr'><strong>vivat</strong></span> <span class='ocrx_word' id='word_1_614' title='bbox 1642 4168 1649 4196; x_wconf 82' lang='grc' dir='ltr'>τ</span> <span class='ocrx_word' id='word_1_615' title='bbox 1661 4161 1716 4196; x_wconf 89' lang='lat' dir='ltr'>nam</span> <span class='ocrx_word' id='word_1_616' title='bbox 1725 4150 1748 4195; x_wconf 88' lang='lat' dir='ltr'>et</span> <span class='ocrx_word' id='word_1_617' title='bbox 1756 4155 1813 4192; x_wconf 86' lang='grc' dir='ltr'>ινιιοο</span> 
     </span>
     <span class='ocr_line' id='line_1_43' title="bbox 231 4216 1812 4302; baseline 0.001 -23"><span class='ocrx_word' id='word_1_618' title='bbox 231 4228 290 4279; x_wconf 90' lang='grc' dir='ltr'>σθαι</span> <span class='ocrx_word' id='word_1_619' title='bbox 312 4222 475 4302; x_wconf 78' lang='grc' dir='ltr'>πραγμάτων</span> <span class='ocrx_word' id='word_1_620' title='bbox 495 4225 524 4279; x_wconf 86' lang='grc' dir='ltr'>ού</span> <span class='ocrx_word' id='word_1_621' title='bbox 547 4226 667 4279; x_wconf 80' lang='grc' dir='ltr'>τοσοῦτον</span> <span class='ocrx_word' id='word_1_622' title='bbox 693 4222 726 4278; x_wconf 87' lang='grc' dir='ltr'>δι’</span> <span class='ocrx_word' id='word_1_623' title='bbox 741 4222 861 4301; x_wconf 83' lang='grc' dir='ltr'>ἀπορίαν,</span> <span class='ocrx_word' id='word_1_624' title='bbox 882 4224 941 4281; x_wconf 89' lang='grc' dir='ltr'>ἀλλ’</span> <span class='ocrx_word' id='word_1_625' title='bbox 961 4223 1004 4281; x_wconf 75' lang='grc' dir='ltr'>ἵνα</span> <span class='ocrx_word' id='word_1_626' title='bbox 1047 4244 1094 4278; x_wconf 84' lang='grc' dir='ltr'>σοιν</span> <span class='ocrx_word' id='word_1_627' title='bbox 1107 4234 1202 4294; x_wconf 90' lang='lat' dir='ltr'><strong>propter</strong></span> <span class='ocrx_word' id='word_1_628' title='bbox 1213 4232 1315 4295; x_wconf 80' lang='lat' dir='ltr'><strong>inopiam</strong></span> <span class='ocrx_word' id='word_1_629' title='bbox 1328 4234 1398 4282; x_wconf 75' lang='lat' dir='ltr'><strong>rebem</strong></span> <span class='ocrx_word' id='word_1_630' title='bbox 1414 4216 1529 4283; x_wconf 70' lang='lat' dir='ltr'><strong>interesse</strong></span> <span class='ocrx_word' id='word_1_631' title='bbox 1538 4234 1596 4283; x_wconf 86' lang='lat' dir='ltr'><strong>odeo</strong></span> <span class='ocrx_word' id='word_1_632' title='bbox 1612 4235 1759 4293; x_wconf 79' lang='lat' dir='ltr'><strong>desiderare,</strong></span> <span class='ocrx_word' id='word_1_633' title='bbox 1774 4226 1812 4277; x_wconf 77' lang='lat' dir='ltr'><strong>sed</strong></span> 
     </span>
     <span class='ocr_line' id='line_1_44' title="bbox 231 4300 1812 4388; baseline -0.003 -21"><span class='ocrx_word' id='word_1_634' title='bbox 231 4309 367 4375; x_wconf 81' lang='grc' dir='ltr'>Ἰουδαίους</span> <span class='ocrx_word' id='word_1_635' title='bbox 380 4306 554 4387; x_wconf 81' lang='grc' dir='ltr'>διαστασιάσῃ</span> <span class='ocrx_word' id='word_1_636' title='bbox 567 4300 710 4387; x_wconf 76' lang='grc' dir='ltr'>παρελθὼν,</span> <span class='ocrx_word' id='word_1_637' title='bbox 730 4308 774 4366; x_wconf 80' lang='grc' dir='ltr'>καί</span> <span class='ocrx_word' id='word_1_638' title='bbox 790 4309 920 4388; x_wconf 80' lang='grc' dir='ltr'>χρήσηται</span> <span class='ocrx_word' id='word_1_639' title='bbox 935 4313 1003 4370; x_wconf 86' lang='grc' dir='ltr'>κατά</span> <span class='ocrx_word' id='word_1_640' title='bbox 1048 4323 1074 4366; x_wconf 91' lang='lat' dir='ltr'><strong>nt</strong></span> <span class='ocrx_word' id='word_1_641' title='bbox 1084 4318 1254 4368; x_wconf 78' lang='lat' dir='ltr'><strong>intertndoeos</strong></span> <span class='ocrx_word' id='word_1_642' title='bbox 1266 4320 1406 4369; x_wconf 81' lang='lat' dir='ltr'><strong>seditionem</strong></span> <span class='ocrx_word' id='word_1_643' title='bbox 1416 4322 1532 4379; x_wconf 81' lang='lat' dir='ltr'><strong>concitet,</strong></span> <span class='ocrx_word' id='word_1_644' title='bbox 1546 4326 1570 4370; x_wconf 88' lang='lat' dir='ltr'>et</span> <span class='ocrx_word' id='word_1_645' title='bbox 1581 4322 1812 4370; x_wconf 85' lang='lat' dir='ltr'><strong>tacottetiboaoontra</strong></span> 
     </span>
     <span class='ocr_line' id='line_1_45' title="bbox 230 4396 1269 4476; baseline 0 -22"><span class='ocrx_word' id='word_1_646' title='bbox 230 4402 280 4455; x_wconf 81' lang='grc' dir='ltr'>τῶν</span> <span class='ocrx_word' id='word_1_647' title='bbox 296 4398 389 4455; x_wconf 90' lang='grc' dir='ltr'>δόντων</span> <span class='ocrx_word' id='word_1_648' title='bbox 405 4404 459 4461; x_wconf 81' lang='grc' dir='ltr'>ταῖς</span> <span class='ocrx_word' id='word_1_649' title='bbox 474 4396 610 4476; x_wconf 75' lang='grc' dir='ltr'>ἀφορμαῖς.</span> <span class='ocrx_word' id='word_1_650' title='bbox 1048 4405 1269 4467; x_wconf 81' lang='lat' dir='ltr'><strong>iargitereentetur.</strong></span> 
     </span>
    </p>

    <p class='ocr_par' dir='ltr' id='par_1_23' title="bbox 268 4480 1812 4564">
     <span class='ocr_line' id='line_1_46' title="bbox 268 4480 1812 4564; baseline 0.008 -22"><span class='ocrx_word' id='word_1_651' title='bbox 268 4484 303 4560; x_wconf 88' lang='grc' dir='ltr'>γ’.</span> <span class='ocrx_word' id='word_1_652' title='bbox 323 4484 428 4543; x_wconf 84' lang='grc' dir='ltr'>Τούτων</span> <span class='ocrx_word' id='word_1_653' title='bbox 442 4486 547 4562; x_wconf 83' lang='grc' dir='ltr'>Καῖσαρ</span> <span class='ocrx_word' id='word_1_654' title='bbox 557 4480 668 4548; x_wconf 86' lang='grc' dir='ltr'>ἀκούσας</span> <span class='ocrx_word' id='word_1_655' title='bbox 678 4480 805 4561; x_wconf 82' lang='grc' dir='ltr'>Ὑρκανὸν</span> <span class='ocrx_word' id='word_1_656' title='bbox 813 4484 859 4560; x_wconf 87' lang='grc' dir='ltr'>μὲν</span> <span class='ocrx_word' id='word_1_657' title='bbox 870 4485 1004 4564; x_wconf 80' lang='grc' dir='ltr'>ἀξιώτερον</span> <span class='ocrx_word' id='word_1_658' title='bbox 1078 4496 1101 4540; x_wconf 84' lang='grc'>3.</span> <span class='ocrx_word' id='word_1_659' title='bbox 1113 4495 1193 4548; x_wconf 81' lang='lat' dir='ltr'><strong>Qnrtm</strong></span> <span class='ocrx_word' id='word_1_660' title='bbox 1203 4490 1249 4541; x_wconf 85' lang='lat' dir='ltr'><strong>ista</strong></span> <span class='ocrx_word' id='word_1_661' title='bbox 1258 4495 1338 4541; x_wconf 70' lang='lat' dir='ltr'><strong>Caesar</strong></span> <span class='ocrx_word' id='word_1_662' title='bbox 1346 4494 1465 4553; x_wconf 71' lang='lat' dir='ltr'><strong>audisset,</strong></span> <span class='ocrx_word' id='word_1_663' title='bbox 1478 4496 1613 4556; x_wconf 64' lang='lat' dir='ltr'><strong>flitmum</strong></span> <span class='ocrx_word' id='word_1_664' title='bbox 1623 4495 1718 4557; x_wconf 63' lang='lat' dir='ltr'><strong>‘itidem</strong></span> <span class='ocrx_word' id='word_1_665' title='bbox 1728 4489 1812 4556; x_wconf 68' lang='lat' dir='ltr'>ti⁰⁰s¹s¹¹</span> 
     </span>
    </p>

    <p class='ocr_par' dir='ltr' id='par_1_24' title="bbox 191 4568 1811 4751">
     <span class='ocr_line' id='line_1_47' title="bbox 191 4568 1811 4657; baseline 0.002 -26"><span class='ocrx_word' id='word_1_666' title='bbox 191 4595 217 4631; x_wconf 85' lang='grc' dir='ltr'>ιι</span> <span class='ocrx_word' id='word_1_667' title='bbox 230 4573 275 4637; x_wconf 69' lang='grc' dir='ltr'>τῆς</span> <span class='ocrx_word' id='word_1_668' title='bbox 284 4568 474 4649; x_wconf 60' lang='grc' dir='ltr'>ἀρχιερωσύνης</span> <span class='ocrx_word' id='word_1_669' title='bbox 482 4569 643 4648; x_wconf 60' lang='grc' dir='ltr'>ἀπεφήνατο,</span> <span class='ocrx_word' id='word_1_670' title='bbox 654 4568 811 4651; x_wconf 66' lang='grc' dir='ltr'>’δνῐῑπᾶῖρῳ</span> <span class='ocrx_word' id='word_1_671' title='bbox 821 4570 847 4629; x_wconf 69' lang='grc' dir='ltr'>δὲ</span> <span class='ocrx_word' id='word_1_672' title='bbox 855 4572 1004 4641; x_wconf 62' lang='grc' dir='ltr'>δυναστείας</span> <span class='ocrx_word' id='word_1_673' title='bbox 1047 4596 1101 4641; x_wconf 86' lang='lat' dir='ltr'><strong>catu</strong></span> <span class='ocrx_word' id='word_1_674' title='bbox 1110 4592 1239 4653; x_wconf 82' lang='lat' dir='ltr'><strong>digniorem</strong></span> <span class='ocrx_word' id='word_1_675' title='bbox 1249 4607 1302 4643; x_wconf 83' lang='lat' dir='ltr'><strong>esse</strong></span> <span class='ocrx_word' id='word_1_676' title='bbox 1311 4594 1489 4657; x_wconf 83' lang='lat' dir='ltr'><strong>pronunciavit,</strong></span> <span class='ocrx_word' id='word_1_677' title='bbox 1500 4594 1622 4655; x_wconf 77' lang='lat' dir='ltr'><strong>Antipatro</strong></span> <span class='ocrx_word' id='word_1_678' title='bbox 1630 4598 1710 4643; x_wconf 89' lang='lat' dir='ltr'><strong>antem</strong></span> <span class='ocrx_word' id='word_1_679' title='bbox 1721 4590 1811 4654; x_wconf 82' lang='lat' dir='ltr'><strong>potesta</strong></span> 
     </span>
     <span class='ocr_line' id='line_1_48' title="bbox 230 4654 1810 4751; baseline 0 -16"><span class='ocrx_word' id='word_1_680' title='bbox 230 4654 440 4735; x_wconf 59' lang='grc' dir='ltr'>αίίίσῑνίδωκεν·</span> <span class='ocrx_word' id='word_1_681' title='bbox 482 4658 605 4719; x_wconf 51' lang='grc' dir='ltr'>Ὁδέπδ</span> <span class='ocrx_word' id='word_1_682' title='bbox 618 4656 1004 4740; x_wconf 59' lang='grc' dir='ltr'>ἵῷτῑμίσανῗῑῗὸμέῖθθντῆί</span> <span class='ocrx_word' id='word_1_683' title='bbox 1047 4689 1078 4737; x_wconf 90' lang='lat' dir='ltr'>tis</span> <span class='ocrx_word' id='word_1_684' title='bbox 1089 4702 1160 4750; x_wconf 87' lang='lat' dir='ltr'><strong>qoem</strong></span> <span class='ocrx_word' id='word_1_685' title='bbox 1170 4690 1242 4739; x_wconf 80' lang='lat' dir='ltr'><strong>veltet</strong></span> <span class='ocrx_word' id='word_1_686' title='bbox 1251 4680 1370 4751; x_wconf 89' lang='lat' dir='ltr'><strong>optionem</strong></span> <span class='ocrx_word' id='word_1_687' title='bbox 1382 4690 1455 4739; x_wconf 86' lang='lat' dir='ltr'><strong>dedit.</strong></span> <span class='ocrx_word' id='word_1_688' title='bbox 1487 4686 1810 4749; x_wconf 73' lang='lat' dir='ltr'><strong>niteremnomnsmodom</strong></span> 
     </span>
    </p>
   </div>
   <div class='ocr_carea' id='block_1_20' title="bbox 230 4741 1810 4909">
    <p class='ocr_par' dir='ltr' id='par_1_25' title="bbox 230 4741 1810 4909">
     <span class='ocr_line' id='line_1_49' title="bbox 230 4741 1810 4847; baseline -0.001 -19"><span class='ocrx_word' id='word_1_689' title='bbox 230 4748 307 4819; x_wconf 57' lang='grc' dir='ltr'>τιμῆς</span> <span class='ocrx_word' id='word_1_690' title='bbox 319 4741 794 4825; x_wconf 54' lang='grc' dir='ltr'>θέμενοςπᾶσηςἕκίτίοποῗίουδαίας</span> <span class='ocrx_word' id='word_1_691' title='bbox 806 4746 1001 4820; x_wconf 43' lang='lat' dir='ltr'>&amp;mmmm</span> <span class='ocrx_word' id='word_1_692' title='bbox 1047 4788 1070 4833; x_wconf 89' lang='lat' dir='ltr'>et</span> <span class='ocrx_word' id='word_1_693' title='bbox 1088 4798 1223 4834; x_wconf 89' lang='lat' dir='ltr'><strong>mensorem</strong></span> <span class='ocrx_word' id='word_1_694' title='bbox 1243 4781 1329 4834; x_wconf 84' lang='lat' dir='ltr'><strong>dantis&#39;</strong></span> <span class='ocrx_word' id='word_1_695' title='bbox 1342 4784 1440 4833; x_wconf 90' lang='lat' dir='ltr'><strong>arbitrio</strong></span> <span class='ocrx_word' id='word_1_696' title='bbox 1458 4784 1613 4847; x_wconf 85' lang='lat' dir='ltr'><strong>permittens,</strong></span> <span class='ocrx_word' id='word_1_697' title='bbox 1633 4784 1705 4833; x_wconf 87' lang='lat' dir='ltr'><strong>totius</strong></span> <span class='ocrx_word' id='word_1_698' title='bbox 1726 4780 1810 4831; x_wconf 78' lang='lat' dir='ltr'><strong>indeae</strong></span> 
     </span>
     <span class='ocr_line' id='line_1_50' title="bbox 230 4830 1002 4909; baseline 0.005 -21"><span class='ocrx_word' id='word_1_699' title='bbox 230 4830 274 4888; x_wconf 83' lang='grc' dir='ltr'>καὶ</span> <span class='ocrx_word' id='word_1_700' title='bbox 286 4834 518 4909; x_wconf 82' lang='grc' dir='ltr'>προσεπιτυγχάνει</span> <span class='ocrx_word' id='word_1_701' title='bbox 533 4832 564 4889; x_wconf 83' lang='grc' dir='ltr'>τά</span> <span class='ocrx_word' id='word_1_702' title='bbox 580 4832 652 4909; x_wconf 85' lang='grc' dir='ltr'>τείχη</span> <span class='ocrx_word' id='word_1_703' title='bbox 668 4838 713 4902; x_wconf 71' lang='grc' dir='ltr'>τῆς</span> <span class='ocrx_word' id='word_1_704' title='bbox 725 4832 846 4907; x_wconf 86' lang='grc' dir='ltr'>πατρίδος</span> <span class='ocrx_word' id='word_1_705' title='bbox 865 4834 1002 4892; x_wconf 87' lang='grc' dir='ltr'>ἀνακτίσαι</span> 
     </span>
    </p>
   </div>
   <div class='ocr_carea' id='block_1_21' title="bbox 193 4914 1808 5172">
    <p class='ocr_par' dir='ltr' id='par_1_26' title="bbox 193 4914 1808 5172">
     <span class='ocr_line' id='line_1_51' title="bbox 230 4914 1002 5002; baseline 0.005 -27"><span class='ocrx_word' id='word_1_706' title='bbox 230 4914 457 4995; x_wconf 76' lang='grc' dir='ltr'>κατεστραμμένα.</span> <span class='ocrx_word' id='word_1_707' title='bbox 498 4918 553 4982; x_wconf 83' lang='grc' dir='ltr'>Τδις</span> <span class='ocrx_word' id='word_1_708' title='bbox 573 4918 668 4993; x_wconf 75' lang='grc' dir='ltr'>μὲνδὴ</span> <span class='ocrx_word' id='word_1_709' title='bbox 690 4918 767 4995; x_wconf 85' lang='grc' dir='ltr'>τιμδις</span> <span class='ocrx_word' id='word_1_710' title='bbox 783 4919 879 4985; x_wconf 86' lang='grc' dir='ltr'>ταύτας</span> <span class='ocrx_word' id='word_1_711' title='bbox 898 4922 1002 5002; x_wconf 85' lang='grc' dir='ltr'>Καῖσαρ</span> 
     </span>
     <span class='ocr_line' id='line_1_52' title="bbox 193 5003 1002 5085; baseline 0.001 -21"><span class='ocrx_word' id='word_1_712' title='bbox 193 5028 218 5064; x_wconf 80' lang='grc' dir='ltr'>νιν</span> <span class='ocrx_word' id='word_1_713' title='bbox 231 5003 386 5062; x_wconf 77' lang='grc' dir='ltr'>ἀπέστελλεν</span> <span class='ocrx_word' id='word_1_714' title='bbox 407 5006 433 5061; x_wconf 75' lang='grc' dir='ltr'>ἔν</span> <span class='ocrx_word' id='word_1_715' title='bbox 455 5006 491 5082; x_wconf 81' lang='grc' dir='ltr'>τῷ</span> <span class='ocrx_word' id='word_1_716' title='bbox 514 5004 676 5085; x_wconf 73' lang='grc' dir='ltr'>Καπετωλίῳ</span> <span class='ocrx_word' id='word_1_717' title='bbox 700 5010 884 5084; x_wconf 77' lang='grc' dir='ltr'>χαραχθῆναι,</span> <span class='ocrx_word' id='word_1_718' title='bbox 907 5011 952 5077; x_wconf 81' lang='grc' dir='ltr'>τῆς</span> <span class='ocrx_word' id='word_1_719' title='bbox 974 5031 1002 5065; x_wconf 91' lang='grc' dir='ltr'>τε</span> 
     </span>
     <span class='ocr_line' id='line_1_53' title="bbox 231 5086 1808 5172; baseline -0.001 -37"><span class='ocrx_word' id='word_1_720' title='bbox 231 5095 309 5151; x_wconf 59' lang='grc' dir='ltr'>αὐτοῦ</span> <span class='ocrx_word' id='word_1_721' title='bbox 329 5091 491 5160; x_wconf 50' lang='lat' dir='ltr'>&amp;msto-45</span> <span class='ocrx_word' id='word_1_722' title='bbox 512 5098 619 5165; x_wconf 65' lang='lat' dir='ltr'><strong>empsim</strong></span> <span class='ocrx_word' id='word_1_723' title='bbox 635 5092 679 5149; x_wconf 64' lang='grc' dir='ltr'>καὶ</span> <span class='ocrx_word' id='word_1_724' title='bbox 693 5097 738 5162; x_wconf 61' lang='grc' dir='ltr'>τῆς</span> <span class='ocrx_word' id='word_1_725' title='bbox 748 5098 792 5150; x_wconf 62' lang='grc' dir='ltr'>τοῦ</span> <span class='ocrx_word' id='word_1_726' title='bbox 808 5092 896 5171; x_wconf 63' lang='grc' dir='ltr'>ἀνδρὸς</span> <span class='ocrx_word' id='word_1_727' title='bbox 910 5095 1002 5172; x_wconf 63' lang='grc' dir='ltr'>ἀρετῆς</span> <span class='ocrx_word' id='word_1_728' title='bbox 1046 5090 1147 5139; x_wconf 81' lang='lat' dir='ltr'><strong>honores</strong></span> <span class='ocrx_word' id='word_1_729' title='bbox 1156 5092 1236 5141; x_wconf 78' lang='lat' dir='ltr'><strong>caesor</strong></span> <span class='ocrx_word' id='word_1_730' title='bbox 1244 5090 1307 5139; x_wconf 88' lang='lat' dir='ltr'><strong>misit</strong></span> <span class='ocrx_word' id='word_1_731' title='bbox 1316 5090 1403 5139; x_wconf 83' lang='lat' dir='ltr'><strong>inbutis</strong></span> <span class='ocrx_word' id='word_1_732' title='bbox 1412 5089 1548 5139; x_wconf 86' lang='lat' dir='ltr'><strong>incidendos</strong></span> <span class='ocrx_word' id='word_1_733' title='bbox 1557 5091 1580 5138; x_wconf 90' lang='lat' dir='ltr'><strong>in</strong></span> <span class='ocrx_word' id='word_1_734' title='bbox 1591 5089 1721 5151; x_wconf 79' lang='lat' dir='ltr'><strong>capitolio,</strong></span> <span class='ocrx_word' id='word_1_735' title='bbox 1731 5086 1754 5133; x_wconf 90' lang='lat' dir='ltr'><strong>in</strong></span> <span class='ocrx_word' id='word_1_736' title='bbox 1761 5094 1808 5145; x_wconf 82' lang='lat' dir='ltr'><strong>pet·</strong></span> 
     </span>
    </p>
   </div>
   <div class='ocr_carea' id='block_1_22' title="bbox 1046 4874 1809 5049">
    <p class='ocr_par' dir='ltr' id='par_1_27' title="bbox 1046 4874 1809 5049">
     <span class='ocr_line' id='line_1_54' title="bbox 1046 4874 1809 4946; baseline -0.014 -14"><span class='ocrx_word' id='word_1_737' title='bbox 1046 4888 1184 4944; x_wconf 78' lang='lat' dir='ltr'><strong>preconator</strong></span> <span class='ocrx_word' id='word_1_738' title='bbox 1192 4884 1323 4933; x_wconf 83' lang='lat' dir='ltr'><strong>declaratos</strong></span> <span class='ocrx_word' id='word_1_739' title='bbox 1332 4890 1382 4946; x_wconf 87' lang='lat' dir='ltr'><strong>est,</strong></span> <span class='ocrx_word' id='word_1_740' title='bbox 1390 4888 1414 4933; x_wconf 92' lang='lat' dir='ltr'>et</span> <span class='ocrx_word' id='word_1_741' title='bbox 1424 4890 1508 4945; x_wconf 72' lang='lat' dir='ltr'><strong>preater</strong></span> <span class='ocrx_word' id='word_1_742' title='bbox 1516 4885 1561 4932; x_wconf 87' lang='grc' dir='ltr'>Ινοο</span> <span class='ocrx_word' id='word_1_743' title='bbox 1580 4884 1713 4945; x_wconf 75' lang='lat' dir='ltr'><strong>impetierit</strong></span> <span class='ocrx_word' id='word_1_744' title='bbox 1723 4883 1748 4929; x_wconf 92' lang='lat' dir='ltr'>ot</span> <span class='ocrx_word' id='word_1_745' title='bbox 1760 4874 1809 4925; x_wconf 83' lang='lat' dir='ltr'><strong>snb·</strong></span> 
     </span>
     <span class='ocr_line' id='line_1_55' title="bbox 1046 4978 1809 5049; baseline -0.014 -15"><span class='ocrx_word' id='word_1_746' title='bbox 1046 5000 1113 5035; x_wconf 75' lang='lat' dir='ltr'><strong>versa</strong></span> <span class='ocrx_word' id='word_1_747' title='bbox 1121 4987 1202 5049; x_wconf 88' lang='lat' dir='ltr'><strong>potriee</strong></span> <span class='ocrx_word' id='word_1_748' title='bbox 1211 4986 1296 5036; x_wconf 81' lang='lat' dir='ltr'><strong>moenia</strong></span> <span class='ocrx_word' id='word_1_749' title='bbox 1301 4987 1432 5036; x_wconf 79' lang='lat' dir='ltr'><strong>instaurare</strong></span> <span class='ocrx_word' id='word_1_750' title='bbox 1442 4986 1486 5035; x_wconf 86' lang='lat' dir='ltr'><strong>eibi</strong></span> <span class='ocrx_word' id='word_1_751' title='bbox 1495 4986 1597 5035; x_wconf 90' lang='lat' dir='ltr'><strong>daretur.</strong></span> <span class='ocrx_word' id='word_1_752' title='bbox 1629 4989 1660 5034; x_wconf 80' lang='lat' dir='ltr'>Et</span> <span class='ocrx_word' id='word_1_753' title='bbox 1667 4986 1710 5032; x_wconf 84' lang='lat' dir='ltr'><strong>tros</strong></span> <span class='ocrx_word' id='word_1_754' title='bbox 1720 4978 1809 5044; x_wconf 83' lang='lat' dir='ltr'><strong>qnidem</strong></span> 
     </span>
    </p>
   </div>
   <div class='ocr_carea' id='block_1_23' title="bbox 231 5180 1806 5256">
    <p class='ocr_par' dir='ltr' id='par_1_28' title="bbox 231 5180 1806 5256">
     <span class='ocr_line' id='line_1_56' title="bbox 231 5180 1806 5256; baseline -0.008 -19"><span class='ocrx_word' id='word_1_755' title='bbox 231 5180 359 5256; x_wconf 79' lang='grc' dir='ltr'>ἐσόμενον.</span> <span class='ocrx_word' id='word_1_756' title='bbox 972 5222 976 5229; x_wconf 91' lang='grc'>-</span> <span class='ocrx_word' id='word_1_757' title='bbox 1046 5197 1143 5253; x_wconf 88' lang='lat' dir='ltr'><strong>petnnrn</strong></span> <span class='ocrx_word' id='word_1_758' title='bbox 1155 5205 1251 5253; x_wconf 77' lang='lat' dir='ltr'><strong>sumque</strong></span> <span class='ocrx_word' id='word_1_759' title='bbox 1259 5192 1359 5252; x_wconf 75' lang='lat' dir='ltr'><strong>justine</strong></span> <span class='ocrx_word' id='word_1_760' title='bbox 1368 5195 1391 5241; x_wconf 89' lang='lat' dir='ltr'>et</span> <span class='ocrx_word' id='word_1_761' title='bbox 1401 5192 1514 5254; x_wconf 74' lang='lat' dir='ltr'><strong>Arriipmtri</strong></span> <span class='ocrx_word' id='word_1_762' title='bbox 1527 5192 1620 5241; x_wconf 79' lang='lat' dir='ltr'><strong>virtutis</strong></span> <span class='ocrx_word' id='word_1_763' title='bbox 1626 5187 1806 5239; x_wconf 80' lang='grc' dir='ltr'>ιιιοννυιιιεννιιιινι.</span> 
     </span>
    </p>
   </div>
   <div class='ocr_carea' id='block_1_24' title="bbox 0 0 1918 6055">
    <p class='ocr_par' dir='ltr' id='par_1_29' title="bbox 0 0 1918 6055">
     <span class='ocr_line' id='line_1_57' title="bbox 0 0 1918 6055; baseline 0 0"><span class='ocrx_word' id='word_1_764' title='bbox 0 0 1918 6055; x_wconf 95' lang='lat' dir='ltr'> </span> 
     </span>
    </p>
   </div>
  </div>
 </body>
</html>
