3825 6059
253 475 309 526 tet
351 464 494 543 [ιιιηιιιολ

249 593 284 657 εἰς
294 589 388 657 όνειδός
400 613 429 649 τε
442 590 487 649 καί
501 589 602 669 βλάόην
615 590 707 669 νόμους
721 594 923 672 συντιθεμένους,
938 596 1018 657 Ἀλλδι

249 676 301 753 μὴν
315 677 360 735 καί
370 677 482 754 τοῦνομα
494 677 553 737 λίαν
567 680 696 747 ἀπιθάνως
707 680 894 757 μετατέθεικεν.
936 684 1017 746 «²0—
1062 708 1205 760 credibiliter

248 763 343 843 σαρσίφ
359 762 425 843 γάρ,
441 764 535 845 φησὶν,
551 766 704 825 ἐκαλεῖτο».
755 771 839 828 Τοῦτο
853 770 900 847 μέν
914 762 957 829 ούν
982 776 1018 840 εἰς

247 848 294 920 τλν
313 850 448 927 μετάθεσιν
467 853 513 910 οὐκ
531 852 673 931 ἐναρμόζει.
721 856 747 915 Τ
747 853 761 912 θ
779 856 802 912 δ’
825 856 918 928 σ’ληθές
935 857 1017 937 ὄνομα

220 954 236 991 ι
249 937 323 1007 δηλοῖ
331 937 375 995 τὸν
386 940 416 996 ἐκ
428 944 471 996 τοῦ
482 936 573 1005 ύδατος
584 940 697 998 σωθέντα
710 943 835 1013 Μωῦσῆν·
847 944 877 1002 τὸ
887 942 936 1023 γάρ
948 943 1017 1023 ὕδωρ

248 1025 272 1080 ol
292 1023 427 1099 Αἰγύπτιοι
446 1028 502 1100 μῶῦ
523 1027 654 1083 καλοῦσιν.
698 1024 806 1095 Ἱκανῶς
825 1018 869 1086 οὖν
887 1028 1017 1106 γεγονέναι

795 469 895 527 ΚΑΤΑ
917 470 1089 531 ΑΠΙΩΝΟΣ
1110 474 1204 534 ΒΙΒΑ.
1228 478 1262 535 Α.

1753 496 1839 563 [ισιι.]

1063 612 1088 657 et
1102 609 1188 660 deruno
1204 610 1266 675 leges
1283 612 1378 664 tulisse?
1395 616 1457 673 Quin
1474 618 1545 669 εἰίααι
1566 624 1689 674 numenei
1706 626 1774 679 ιιΙδε
1797 630 1836 679 in·

1227 713 1354 763 mutatum.
1395 720 1535 783 «ossrsiplr
1557 722 1634 785 enirn,
1657 726 1744 790 lnquit,
1761 744 1839 779 vuca-

1062 826 1074 850 «ι
1088 806 1163 856 intur.
1178 828 1190 851 ν
1222 814 1253 859 Et
1271 813 1315 862 huc
1332 816 1427 877 quidem
1447 820 1569 869 mutrrtiuni
1590 836 1673 885 perum
1691 838 1839 889 congruum.

1060 902 1150 949 Verum
1162 908 1242 955 sutem
1249 919 1334 957 nornen
1345 908 1459 971 significet
1469 924 1499 961 ex
1511 926 1573 976 equs
1584 918 1704 966 serratum
1716 922 1839 983 Moysen:

1065 1012 1119 1049 nem
1133 1016 1218 1065 equam
1231 1013 1383 1068 moysocnnt
1394 1012 1504 1075 Egyptll.
1537 1016 1678 1079 sntisigitur
1687 1018 1840 1071 declaratum

248 1109 342 1185 νομίζω
361 1110 405 1168 καὶ
424 1112 500 1182 δῆλον
522 1109 562 1169 &r
583 1110 721 1184 Μανεθὼς,
739 1112 786 1181 ἕως
809 1114 856 1190 μὲν
879 1113 1016 1186 ἠκολούθει
1058 1108 1112 1146 esse
1129 1100 1240 1149 existimo
1255 1102 1318 1165 quud
1336 1108 1461 1168 Munetbc,
1479 1114 1598 1172 qnatenus
1620 1116 1727 1164 veterum
1743 1118 1840 1181 scripta

246 1198 302 1263 ταῖς
317 1196 437 1276 ἀρχαίως
450 1199 628 1278 mmuh,
641 1200 670 1256 οὐ
684 1197 750 1257 πολὺ
764 1205 810 1271 ,ἥρ
823 1202 943 1272 ainwa<
957 1203 1015 1274 327¹.
1059 1195 1176 1256 sequitur,
1191 1212 1238 1247 nou
1248 1201 1351 1251 multum
1367 1217 1381 1253 e
1397 1207 1495 1257 reritrte
1509 1209 1672 1276 aberraverit3
1685 1215 1726 1265 ubi
1737 1230 1797 1267 reru
1806 1219 1840 1267 sd

247 1283 385 1362 μάρτανεν,
405 1283 447 1341 ἐπί
466 1283 493 1343 δὲ
508 1284 566 1351 τοὺς
580 1286 737 1353 ἀδεσπότους
750 1286 843 1364 μύθους
857 1286 1016 1372 τραπόμενος
1059 1292 1151 1345 tubulus
1162 1296 1192 1345 eb
1205 1297 1294 1349 incerto
1304 1302 1401 1352 auctore
1410 1316 1435 1355 se
1450 1307 1534 1367 vertit,
1546 1312 1588 1358 sut
1601 1322 1686 1372 perum
1700 1315 1839 1365 verisimili·

210 1371 263 1440 ιυῆ
281 1369 415 1441 συνέθηκεν
434 1371 527 1438 αὐτούς
543 1371 717 1445 άπιθάνως,ἤ
734 1396 786 1433 τισι
800 1378 851 1432 τῶν
869 1374 932 1454 πρὸς
950 1377 1015 1434 άπί-

177 1514 183 1523 ,
246 1460 333 1535 χθειαν
344 1446 487 1537 εἰρηκότων
495 1457 653 1519 ἐπίστευσεν.

283 1544 337 1604 λύ’.
358 1543 436 1605 Meris
453 1551 542 1603 τοῦτον
561 1546 678 1612 ἐξετάσαι
700 1548 826 1626 βούλομαι
846 1550 1013 1631 Χαιρήμονα.

249 1630 302 1689 Kal
313 1629 363 1711 γδιρ
377 1623 447 1695 οὗτος
459 1632 639 1708 Αἰγυπτιακὴν
651 1634 755 1712 φάσκων
769 1636 884 1715 ἱστορίαν
898 1636 1015 1718 συγγρά-

245 1737 312 1796 φειν,
327 1718 372 1775 καί
388 1718 508 1796 πρασθείς
521 1720 600 1777 ταύτό
613 1718 694 1796 ὄνομα
711 1727 756 1779 τοῦ
769 1723 909 1800 βασιλέως,
924 1724 1015 1804 ύπερδ

207 1818 231 1854 tl>
247 1802 387 1879 Μανεθὼς,
401 1803 550 1882 Ἆμένωφιν,
564 1805 608 1863 καί
622 1805 664 1863 τὸν
681 1805 734 1864 υἰθν
756 1809 834 1867 αὐτοῦ
849 1808 1013 1889 Ῥαμέσσην,

1060 1392 1094 1437 ter
1103 1402 1144 1439 ees
1155 1390 1282 1455 confinxit,
1294 1399 1337 1445 sut
1347 1397 1376 1446 iis
1384 1399 1426 1460 qui
1439 1412 1469 1449 ex
1484 1401 1539 1451 odio
1555 1402 1579 1481 in
1590 1410 1685 1465 gentem
1696 1420 1738 1458 ees
1752 1424 1838 1461 usrrs·

1059 1488 1141 1536 rerunt
1152 1486 1224 1538 fidem
1233 1489 1324 1541 inbuit.

1090 1584 1128 1628 ιι.
1146 1582 1203 1629 Post
1212 1580 1275 1632 bunc
1286 1585 1341 1633 reto
1353 1585 1377 1634 in
1388 1587 1565 1641 citerunonem
1576 1594 1703 1657 inquirere.
1717 1600 1838 1651 fllcenim

1059 1678 1220 1739 AEfflptiacum
1240 1694 1266 1730 se
1277 1682 1379 1733 scribere
1396 1686 1519 1737 historiam
1531 1691 1666 1755 protessus,
1682 1696 1838 1761 asserensque

1059 1775 1121 1825 idem
1133 1791 1218 1828 numen
1235 1780 1283 1842 regi
1299 1782 1364 1843 quod
1382 1786 1523 1849 Manethon,
1539 1792 1702 1855 smenopbin,
1718 1801 1744 1845 et
1757 1798 1837 1847 istium

245 1888 322 1968 wi„
337 1889 376 1947 ὅτι
390 1917 403 1941 ⁸
421 1888 489 1947 κατὰ
502 1890 560 1957 τοὺς
574 1890 667 1959 ὕπνους
678 1897 696 1963 ἡ
708 1884 776 1961 Ἶσις
792 1894 872 1977 ἐφάνη
886 1900 924 1977 τῷ
942 1896 1016 1974 ‚Affl-
1058 1872 1110 1931 eius
1126 1875 1268 1937 Ramesses,
1280 1876 1314 1925 eit
1331 1898 1343 1920 ι
1358 1879 1445 1929 isidem
1465 1882 1489 1931 in
1508 1886 1596 1935 somnis
1611 1892 1746 1952 emenopbi
1761 1906 1836 1956 ορμο-

244 2001 257 2028 e
269 1975 357 2052 νώφει,
378 1974 529 2055 μεμφομένη
546 1976 621 2034 αύτδν
636 1976 676 2036 ότι
696 1978 726 2037 τὸ
747 1980 815 2060 ἱερὸν
836 1984 914 2052 σθιῆς
932 1986 958 2041 ἐν
979 1986 1016 2062 τῷ

244 2086 258 2111 ι
271 2060 378 2140 πολέμῳ
393 2060 580 2123 κατέσκαπται.
608 2065 788 2143 Φριτιφάνιην
801 2064 828 2123 δέ
841 2069 1016 2147 ἰερογραμμα·

192 2154 199 2167 ’
244 2171 257 2198 ι
271 2145 318 2204 τέα
329 2146 425 2227 φάναι,
436 2146 481 2206 ἐὰν
493 2152 544 2207 τῶν
562 2150 620 2215 τοὺς
633 2150 779 2227 μολυσμοίις
795 2152 904 2231 ἐχόντων
917 2155 1015 2233 ἀνδρῶν

205 2253 231 2292 νυ
243 2257 257 2287 c
270 2234 371 2313 καθάρῃ
384 2233 431 2304 τὴν
446 2234 589 2313 Αἴγυπτον,
607 2237 757 2297 παύσασθαι
766 2243 812 2310 τῆς
824 2240 916 2307 πτοίας
927 2240 1014 2301 αὐτόν.

246 2345 259 2371 ι
270 2318 442 2388 Ἔπιλέξαντα
453 2321 481 2379 δέ
494 2326 546 2380 τῶν
561 2325 683 2382 έπισινῶν
702 2325 829 2406 μυριάδας
844 2327 925 2386 εἰκοσι
938 2326 1015 2387 πέντε

243 2406 396 2472 ιὲκόιιλεῖν.
437 2406 572 2485 Ἡγεῖσθαι
586 2412 608 2468 δ’
618 2412 703 2468 αὐτῶν
714 2412 885 2491 γραμματίας
898 2418 1015 2486 Μωϋσῆν

243 2517 256 2544 ι
266 2515 295 2551 τε
311 2494 357 2552 καὶ
373 2493 508 2567 Ἰώσηπον,
525 2496 570 2553 καὶ
584 2502 672 2556 τοῦτον
687 2501 914 2580 ἱερογραμματέα·
936 2502 1016 2579 Αἰγύ-

242 2605 255 2634 e
269 2602 333 2638 πτια
345 2583 366 2639 δ’
379 2584 465 2649 αὐτοῖς
475 2582 589 2660 ὀνόματα
597 2574 671 2656 εἰναι,
679 2589 716 2667 τῷ
725 2586 771 2663 μὲν
782 2588 1014 2667 ΜωῦσεῖΤισιθὲν,

203 2685 229 2723 ει
244 2670 305 2743 ιτῷ
317 2666 343 2725 δέ
356 2666 478 2748 Ἰωσήπῳ
491 2669 624 2750 Πετεσήφ.
666 2670 779 2738 Τούτους
788 2672 811 2729 δ’
823 2676 857 2739 εἰς
867 2672 1015 2745 Πηλούσιον

243 2780 256 2805 ι
266 2754 347 2811 ἐλθεῖν
361 2755 405 2813 καί
417 2760 547 2835 ἐπιτυχεῖν
558 2756 667 2836 μυριάσι
677 2758 814 2838 τριάκοντα
826 2760 893 2818 ὀκτὼ
902 2764 1015 2819 καταλε-

246 2866 258 2889 ι
269 2840 420 2917 λειμμέναις
434 2841 485 2899 ὑπὸ
497 2849 543 2901 τοῦ
556 2842 725 2919 Ἀμενιύφιος,
740 2845 770 2911 θς
783 2848 812 2904 ού
824 2846 907 2905 θέλειν
918 2851 953 2914 εἰς
966 2849 1014 2920 τὴν

243 2950 257 2979 ι
269 2925 399 3002 Αἴγυπτον
417 2928 583 3005 διακομίζειν.
631 2920 679 2996 Οἷς
692 2930 779 3009 φιλίαν
792 2932 957 3010 συνθεμένους
971 2935 1014 2993 ἐπὶ

242 3040 255 3064 ι
267 3013 313 3084 τλν
327 3013 458 3091 Αἴγυπτον
478 3021 672 3095 nepessinus.)
694 3017 746 3077 Τθν
764 3017 791 3077 δὲ
807 3018 949 3101 Ἀμένιυφιν
965 3024 1014 3102 οὐχ

202 3116 229 3155 ευ
242 3126 255 3152 ι
267 3100 440 3177 ὑπομείναντα
453 3099 500 3172 τλν
514 3100 602 3183 έφοδον
616 3106 701 3162 αὐτῶν
715 3108 750 3173 εἰς
770 3107 906 3166 Αἰθιοπίαν
925 3114 1012 3189 φυγεῖν

243 3189 443 3247 ικαταλιπόντα
457 3189 503 3262 πλν
517 3195 628 3268 γυναῖκα
638 3191 738 3270 ίγκυυν·
752 3192 972 3274 ἣνκρυπτομένην
987 3196 1012 3255 ἔν

241 3301 254 3325 ι
266 3297 318 3333 τισι
327 3275 463 3348 σπηλαίοις
474 3281 557 3335 τεκεῖν
568 3280 649 3336 παῖδα
657 3278 758 3366 ,ὄνομα
768 3282 919 3355 Μεσσήνην,
931 3282 959 3341 δν
972 3286 1012 3341 οἰν-

241 3360 393 3441 ιδρωθέντα
415 3363 533 3432 ἐκδιῶξαι
553 3364 612 3430 τοὺς
632 3361 772 3433 Ἰουδαίους
787 3369 822 3433 εἰς
842 3369 889 3440 τὴν
905 3369 1011 3450 Συρίαν,

241 3474 254 3499 ι
264 3448 340 3515 ὄντας
350 3449 410 3529 περὶ
423 3450 504 3509 εἴκοσι
517 3453 660 3531 μυριάδας,
674 3453 719 3510 καί
728 3452 773 3511 τδν
787 3455 888 3534 πατέρα
903 3455 1013 3533 Ἀμένω·

201 3546 227 3585 86
243 3559 254 3586 ι
267 3558 309 3615 φιν
321 3538 352 3593 έκ
363 3541 409 3607 τῆς
420 3538 558 3604 Αἰθιοπίας
569 3538 769 3606 καταδέξασθαι.
782 3566 795 3593 ι

279 3622 331 3699 λγ’.
355 3624 408 3682 Καὶ
422 3631 503 3683 ταῦτα
519 3625 565 3700 μὲν
577 3629 591 3682 δ
603 3626 759 3707 Χαιρήμων.
801 3618 886 3704 Οἶμαι
900 3631 922 3688 δ’
938 3631 1011 3690 αὐτό·

241 3712 283 3764 θεν
297 3707 409 3786 φανεφδιν
423 3698 487 3767 εἶναι
500 3712 529 3767 ἐκ
542 3715 593 3768 τῶν
607 3713 748 3791 εἰρημένων
757 3714 804 3785 τὴν
815 3716 910 3795 άμφοῖν
918 3718 1010 3796 ψευδο·

239 3791 337 3868 λογίαν.
378 3793 508 3867 Ἀληθείας
523 3795 569 3871 μὲν
581 3796 636 3878 ’γάρ
650 3822 717 3866 τινος
730 3801 900 3877 ὑποκειμένης
916 3802 1009 3863 ἀδύνα-

238 3900 283 3936 τον
295 3870 327 3948 ἦν
342 3880 477 3960 διαφωνεῖν
489 3882 533 3939 ἐπί
545 3889 674 3943 τοσοῦτον.
714 3889 749 3945 Οἱ
761 3887 789 3944 δέ
801 3886 835 3946 τὰ
848 3891 931 3968 ψευδῆ
946 3912 1009 3949 συν-
1054 3944 1059 3955 ,

199 3985 226 4022 ιυ
239 3964 348 4031 τιθέντες
364 3967 413 4044 οὐχ
430 3965 525 4045 ἑτέροις
542 3967 668 4050 σύμφωνα
686 3972 837 4052 γράφουσιν,
852 3974 910 4032 ἀλλ’
923 3977 1010 4043 αὑτοῖς

238 4049 271 4108 τίι
285 4050 393 4121 δοῖαντα
405 4054 579 4132 πλάττουσιν.
619 4056 734 4124 Ἐκεῖνος
749 4056 796 4135 μέν
813 4051 857 4117 οθν
870 4062 1009 4139 ἐπιθυμίαν

237 4142 282 4195 τοῦ
295 4134 420 4215 βασιλέως
433 4134 477 4197 ίνα
490 4138 550 4207 τοὺς
562 4140 634 4208 θεοὺς
649 4142 692 4222 ίδη
706 4143 783 4225 φησίν
797 4144 881 4224 ἀρχὴν
893 4146 1010 4225 γενέσθαι

237 4227 283 4293 τῆς
298 4228 349 4283 τῶν
365 4228 466 4307 μιαρῶν
475 4226 599 4305 ἐκόολῆς,
612 4233 627 4288 θ
640 4229 667 4288 δέ
683 4229 829 4310 Χαιρήμων
844 4233 907 4291 ίδιυν
918 4238 952 4301 ὡς
965 4240 1011 4307 ιη”ς

237 4308 332 4379 Ἴσιδος
345 4311 465 4371 ἐνύπνιον
479 4313 648 4374 συντέθεικεν.
690 4320 817 4384 Κάκεῖνος
831 4319 878 4395 μὲν
892 4318 1007 4396 Ἀμένυι-

200 4421 223 4457 rs
238 4421 279 4478 φιν
292 4389 357 4456 εἰναι
370 4399 440 4475 λέγει
452 4400 495 4459 τὸν
509 4402 665 4481 προειπόντα
680 4409 718 4485 τῷ
736 4407 839 4483 βασιλεῖ
850 4407 894 4465 τὸν
907 4414 1008 4489 καθαρ·

238 4484 294 4559 μὸν,
312 4476 384 4552 οὗτος
402 4486 429 4544 δέ
448 4488 637 4570 Φριτιφάνιην.
682 4490 759 4551 Ὁδὲ
779 4492 810 4563 δὴ
830 4498 876 4552 τοῦ
896 4494 1008 4565 πλήθους

237 4572 343 4649 ἀριθμός
355 4572 400 4631 καί
412 4574 511 4655 σφόδρα
523 4574 657 4655 σύνεγγυς,
669 4576 738 4636 όκτὼ
752 4577 799 4654 μὲν
812 4582 937 4659 μυριάδας
945 4582 1009 4641 ἐκεί·

237 4678 280 4714 νου
293 4657 424 4733 λέγοντος,
433 4660 524 4720 τούτου
536 4660 562 4719 δέ
573 4662 650 4721 πέντε
661 4663 724 4743 πρὸς
732 4672 789 4731 ταῖς
800 4666 904 4727 εἴκοσιν.
945 4664 1008 4729 Ἔτι

237 4742 320 4799 τοίνυν
334 4748 348 4800 δ
360 4745 407 4819 μέν
419 4748 544 4816 Μανεθὼς
554 4749 677 4829 πρότερον
691 4754 726 4818 εἰς
738 4750 784 4818 τάς
793 4754 940 4830 λιθοτομίας
950 4754 1007 4822 τοὺς

93 4822 99 4831 '
198 4853 225 4891 ω
238 4827 344 4908 μιαροίις
357 4829 485 4905 estesse,
500 4826 556 4893 εἶτα
575 4838 660 4903 αὐτοῖς
673 4836 720 4909 τλν
736 4837 834 4918 Αύιιφιν
848 4838 906 4908 δοὺς
924 4842 1007 4919 ἐγκα-

236 4915 339 4987 τοικεῖν,
353 4916 399 4973 καί
411 4916 446 4975 τίι
457 4921 521 4999 πρός
537 4921 596 4989 scir<
609 4924 702 4991 άλλους
715 4926 873 5003 Αἰγυπτίους
890 4930 1006 4988 ἐκπολι-

238 5001 342 5078 μύισας,
355 5001 414 5061 τότε
426 5006 505 5083 φησίν
517 5009 722 5071 ἐπαυλίσασθαι
735 5011 782 5083 τήν
795 5011 868 5093 παρὰ
885 5017 935 5073 τῶν
952 5014 1006 5075 Ἱε-

238 5092 413 5167 ροσολυμιτῶν
447 5092 539 5161 αύτούς
563 5097 740 5178 ἐπικουρίαν·
762 5102 777 5156 θ
800 5098 829 5157 δέ
859 5100 1005 5180 Χαιρήμων

237 5176 478 5254 ἀπαλλαττομένους
491 5182 520 5238 ἐκ
532 5186 577 5252 ιη”ς
592 5179 723 5260 Αἰγύπτου
735 5186 794 5264 περί
806 5186 952 5256 Πηλούσιον
964 5194 1004 5247 εὓ-

1060 1988 1072 2011 r
1084 1970 1170 2031 ruisse,
1179 1972 1210 2021 de
1218 1986 1247 2022 eo
1255 1980 1402 2039 querentem,
1410 1981 1473 2041 quod
1484 1983 1597 2046 templum
1607 1985 1681 2047 ipsius
1690 2002 1733 2051 per
1742 1991 1836 2041 bellurn

1061 2064 1189 2117 «dirutum
1209 2073 1281 2121 esset.
1324 2073 1503 2135 Pirritipbsnteu
1532 2091 1588 2129 vero
1608 2094 1702 2133 sucrum
1726 2088 1835 2137 scribens

1061 2184 1072 2207 ι
1084 2164 1184 2229 dixisse,
1191 2169 1211 2217 si
1218 2169 1248 2218 de
1255 2170 1351 2233 pollutis
1359 2173 1497 2225 leominibus
1504 2180 1632 2241 egyptum
1641 2195 1741 2243 purgare
1749 2185 1836 2247 vellet,

1060 2265 1131 2316 sture
1145 2272 1172 2317 ut
1180 2268 1315 2321 libereture
1326 2276 1446 2326 nocturnis
1457 2278 1594 2330 terroribus.
1634 2285 1712 2346 etque
1725 2286 1759 2334 ite
1772 2300 1836 2337 mor·

1059 2384 1071 2408 ι
1084 2366 1193 2417 bidorum
1204 2371 1325 2421 milliacos
1332 2374 1453 2438 collegisse
1462 2380 1509 2428 ete
1519 2378 1604 2449 linibus
1613 2382 1718 2444 eiecisse.
1751 2389 1835 2438 Drroes

1060 2483 1072 2507 ι
1085 2479 1141 2517 vero
1157 2481 1239 2519 eurum
1253 2472 1325 2524 tuisse
1340 2477 1431 2526 scribas
1449 2481 1546 2543 Moysen
1558 2484 1583 2532 et
1597 2486 1743 2549 Joseplrum,
1758 2490 1835 2553 etque

1059 2567 1146 2619 atruuc
1166 2584 1292 2622 sacrorum·
1313 2577 1414 2626 scribam
1440 2594 1447 2626 r
1471 2582 1580 2645 AEgyptie
1600 2596 1656 2635 vero
1678 2588 1713 2638 eis
1735 2594 1835 2643 nomine

1058 2680 1148 2729 «esse,
1167 2675 1244 2735 Moysi
1262 2677 1358 2740 quidem
1377 2680 1498 2743 Tisitbcn,
1513 2685 1618 2747 losepbo
1631 2700 1687 2738 reru
1705 2692 1833 2756 Petssepb.

1058 2789 1071 2813 ι
1084 2774 1131 2821 lios
1145 2773 1264 2823 Petusium
1278 2778 1385 2838 venisse,
1402 2779 1483 2843 ibique
1493 2782 1619 2835 offendisse
1632 2800 1742 2839 ccccxxx
1756 2794 1832 2844 millis

1058 2889 1070 2913 ι
1084 2871 1115 2919 eb
1127 2875 1258 2936 Amenoubi
1268 2876 1362 2939 relicte,
1380 2892 1435 2940 quse
1444 2881 1497 2929 isin
1512 2886 1639 2947 AEgyptum
1649 2890 1779 2942 transferre
1791 2908 1832 2943 nn

1058 2987 1070 3010 ιι
1082 2969 1161 3020 luerit.
1193 2976 1255 3024 curn
1273 2975 1310 3025 bis
1328 2976 1374 3026 ictu
1390 2977 1480 3030 loedere
1492 2986 1574 3033 οοαῑεε
1590 2988 1719 3049 egyptum
1735 2996 1831 3055 experti·

1057 3089 1069 3111 ι
1083 3071 1169 3121 tionem
1186 3073 1279 3125 luctum.
1320 3081 1468 3143 Ameuopbiu
1484 3087 1579 3146 nutem,
1598 3087 1713 3151 impetum
1732 3094 1831 3145 illorum

1057 3190 1069 3213 s
1082 3184 1129 3219 non
1151 3174 1320 3238 sustinentem,
1336 3178 1360 3227 lu
1381 3182 1508 3244 egyptum
1532 3186 1632 3250 fugisse,
1651 3192 1733 3242 relicte
1755 3210 1831 3248 uxure

1056 3288 1068 3311 ιι
1080 3269 1174 3330 gravide
1185 3291 1191 3321 ι
1204 3284 1289 3335 quum,
1299 3274 1322 3323 iu
1334 3278 1459 3339 speluncas
1468 3283 1581 3343 quasdem
1594 3268 1714 3351 abditam,
1728 3306 1829 3355 puerum

1056 3382 1068 3405 ι
1080 3365 1174 3415 enixum
1184 3380 1250 3429 esse,
1264 3371 1359 3422 nornine
1371 3376 1619 3443 Messenen,eumque
1633 3384 1744 3437 adultum
1756 3404 1828 3453 expu-

1055 3478 1068 3502 ι
1080 3442 1137 3509 iisse
1145 3463 1160 3510 J
1163 3462 1245 3513 udceos
1258 3464 1283 3513 iu
1293 3468 1399 3529 syrium,
1409 3482 1507 3523 numere
1519 3475 1612 3528 circiter
1626 3477 1729 3531 ducents
1740 3485 1828 3548 miltis;

1055 3575 1067 3599 «ι
1079 3561 1103 3605 et
1114 3561 1204 3619 patrem
1218 3564 1366 3627 smenopbin
1375 3580 1404 3617 οι
1414 3570 1530 3634 AEtbiopie
1541 3577 1665 3638 recepisse.
1681 3600 1693 3623 ι

1084 3656 1122 3703 33.
1140 3658 1170 3704 nt
1179 3654 1333 3721 tresqutdem
1344 3663 1491 3715 cheremon.
1520 3672 1582 3719 Reor
1590 3678 1671 3725 sutem
1680 3689 1710 3727 eu
1721 3678 1758 3729 bis
1770 3681 1828 3745 ipsis

1053 3754 1175 3813 quedtcn
1185 3762 1242 3807 sunt
1252 3761 1376 3811 amborum
1389 3766 1537 3818 menifestum
1546 3784 1599 3823 esse
1606 3776 1736 3829 mentiendi
1746 3782 1828 3833 volun·

1054 3850 1133 3899 teten
1165 3852 1256 3916 siquid
1267 3858 1330 3907 enirn
1341 3860 1446 3911 vertutis
1457 3864 1580 3931 subesset,
1593 3870 1642 3919 lteri
1651 3885 1699 3923 uon
1712 3880 1792 3938 potnit
1801 3883 1828 3930 ut

1053 3958 1076 3993 ιο
1090 3950 1180 3997 tentum
1190 3949 1356 4015 discreparent.
1388 3960 1467 4031 Atqui
1478 3962 1599 4013 mendacis
1608 3974 1768 4034 rumimunt,
1779 3988 1827 4027 ιιυιι

1052 4057 1106 4105 quse
1116 4058 1171 4095 cum
1180 4047 1232 4097 utils
1241 4053 1391 4103 consentiunt
1400 4055 1445 4105 ists
1454 4059 1576 4120 scribunt,
1587 4063 1630 4113 sed
1641 4066 1705 4128 quod
1716 4070 1775 4131 ipsis
1790 4072 1826 4121 ri·

1053 4152 1106 4189 sum
1123 4147 1160 4191 est
1175 4145 1320 4208 contingunt.
1351 4153 1383 4200 Et
1398 4152 1437 4202 iile
1453 4156 1549 4216 quidem
1566 4160 1653 4221 regium
1669 4165 1825 4227 cupiditatem

1053 4236 1148 4287 ridendi
1156 4238 1214 4289 deos
1224 4241 1257 4291 ait
1265 4255 1360 4293 musam
1371 4248 1492 4299 exstitisse
1506 4252 1612 4314 ejiciendi
1621 4256 1729 4321 impuros
1741 4282 1747 4311 :
1758 4264 1827 4313 cluse·

1052 4336 1825 4421 remonnutensuumtanquamisidissomniumnnxttsttttequt·

1052 4424 1324 4492 demAmenopbiuesse
1335 4432 1393 4484 dicit
1409 4437 1449 4499 qui
1465 4451 1543 4501 regem
1558 4448 1728 4505 praemonuerit
1741 4450 1772 4500 de
1789 4452 1823 4501 lu·

1052 4523 1164 4573 streticne
1173 4524 1292 4587 luciends;
1306 4528 1404 4579 bicrero
1411 4532 1606 4595 Plrritiphentem.
1625 4542 1651 4589 lu
1663 4543 1823 4597 multitudinis

1051 4622 1130 4669 eutem
1141 4634 1241 4673 numeru
1250 4636 1306 4673 seue
1317 4638 1365 4674 nou
1380 4628 1482 4678 multum
1494 4630 1643 4696 discordent,
1653 4636 1694 4687 illu
1703 4644 1822 4704 υοιομίιιιε

1051 4714 1614 4790 mittiureterente‚trccducentequinqueffl'ute.
1647 4733 1764 4786 Preteree
1774 4740 1821 4787 blu-

1050 4810 1122 4859 netbo
1133 4810 1229 4872 quidem
1245 4814 1346 4875 primum
1358 4818 1382 4865 in
1392 4818 1529 4881 lapicidinas
1536 4824 1598 4885 ejicit
1610 4826 1728 4893 pollutus,
1737 4831 1821 4883 dende

1049 4907 1137 4955 suerin
1159 4907 1309 4959 inbitsndem
1330 4911 1359 4961 ils
1371 4913 1455 4975 tredit3
1479 4928 1506 4965 ec
1525 4919 1613 4981 relique
1638 4924 1742 4987 AEssypto
1758 4926 1820 4977 betto

1050 5008 1146 5065 vexate,
1164 5006 1216 5055 lum
1233 5006 1329 5057 demum
1347 5010 1378 5059 eb
1400 5011 1446 5061 illis
1465 5013 1539 5063 accitu
1560 5028 1612 5067 esse
1630 5017 1688 5069 dicit
1706 5023 1819 5074 Hieruso-

1050 5100 1215 5163 lymitsnururn
1229 5104 1315 5153 suxillu
1340 5121 1347 5155 ε
1366 5108 1506 5159 οΙιιαιειαοιι
1523 5114 1603 5162 eutem
1626 5118 1728 5179 AEgyptu
1744 5120 1818 5170 disee·

1050 5197 1214 5247 διαίρεσθαι
1241 5200 1359 5251 Pelusium
1381 5204 1496 5255 invenisse
1523 5210 1626 5259 trecenis
1652 5214 1677 5261 el
1701 5216 1818 5277 υοίυςίιιίο
