3825 6059
75 452 242 535 (ιωι-ιουτ.)

73 587 153 662 μένους
163 580 326 653 ἀπέσφαττον
339 578 368 637 ού
380 576 456 652 μόνον
470 574 538 634 αατά
552 584 636 652 μῖσος,
648 578 683 642 ὣς
700 573 833 654 πρότερον,

74 673 123 730 ἀλλ’
132 669 180 739 ἤδη
191 667 236 726 ααὶ
245 665 288 722 τὸν
299 663 337 744 ἐφ’
348 666 447 728 ἑαυτοῖς
457 662 574 721 κίνδυνον
586 661 730 743 φθάνοντες.
759 659 837 730 Δεινὴ

78 755 170 824 δὲόλην
189 751 235 822 τὴν
257 751 356 829 Συρίαν
375 747 470 826 ἔπε’σχε
491 746 596 827 ταραχὴ
614 747 658 805 καί
679 757 751 806 πάσα
765 745 839 812 πόλις

75 847 105 909 εἰς
123 841 163 899 δύο
180 839 288 919 διῄρητο
307 835 478 916 στρατόπεδα·
495 834 611 913 σωτηρία
629 833 656 892 δὲ
676 843 728 900 τοῖς
747 833 838 913 ἑτάροις

57 925 101 1004 τήν
116 929 144 986 τδ
156 927 212 994 τοδς
225 925 327 1004 ἑτάρους
343 923 448 1003 φθάσαιΙ
462 921 567 989 καὶτὰς
583 919 629 998 μδν
645 921 743 999 ἡμέρας
757 923 782 978 ἐν
798 919 837 978 αἴ·

76 1042 130 1094 aare
143 1017 237 1092 διῆγον,
248 1011 296 1079 τάς
309 1009 337 1069 δὲ
353 1011 446 1076 νύκτας
460 1007 511 1068 δίει
527 1007 723 1088 χαλεπωτέρας.
764 1008 839 1066 Ἀπε-

76 1106 204 1166 οκευάοθαι
218 1100 268 1178 γάρ
283 1096 341 1164 τοὺς
355 1096 493 1162 Ἰουδαίους
504 1098 635 1160 δοκοῦντες
647 1095 768 1166 ἕκαστοι,
781 1093 839 1162 τοὺς

76 1176 235 1260 ἰουδαΐζοντας
253 1179 324 1265 εἶχον
343 1187 370 1242 ἐν
389 1183 502 1265 brebia,
523 1185 569 1243 καὶ
590 1183 620 1241 τὸ
639 1187 702 1260 παρ’
722 1181 839 1247 ἑκάστοις

77 1279 210 1360 ἀμφίόολον
224 1273 283 1333 οὔτε
295 1273 394 1330 ἀνελεῖν
407 1270 600 1352 τιςπροχείρως
613 1269 724 1346 θπίμενε
736 1270 781 1328 καὶ
794 1293 840 1344 με·

48 1387 67 1423 ιο
77 1367 190 1447 μιγμένον
200 1368 236 1429 ὡς
246 1360 358 1441 βεόαίως
368 1360 512 1440 ἀλλόφυλον
520 1357 644 1438 ἐφοόεῐτο.
663 1359 842 1438 Πρυύκαλεῐτο

76 1456 99 1514 δὲ
108 1454 148 1513 ἐπὶ
158 1451 202 1516 τάς
213 1447 316 1531 οφαγάς
329 1451 380 1504 τῶν
394 1444 522 1526 διαφόρυιν
536 1445 582 1503 καί
595 1444 654 1513 τοθς
663 1445 747 1504 πάλαι
760 1467 841 1524 προγυ-

76 1542 156 1606 τάτους
176 1529 242 1596 εἶναι
262 1537 435 1605 δοκοῦνταςὴ
455 1531 596 1600 πλεονεξία·
619 1533 665 1599 τάς
686 1532 735 1610 γάρ
755 1531 842 1596 ούσίας

76 1632 120 1686 τῶν
140 1621 324 1704 ἀναιρεθίντων
342 1623 423 1687 ἀδεῶς
443 1619 595 1699 διήρπαζον,
614 1619 658 1677 καί
677 1618 795 1696 καθάπερ
812 1621 843 1676 ἐκ

77 1713 234 1795 παρατάξεως
250 1709 284 1768 τά
296 1712 379 1768 σκῦλα
391 1713 441 1766 τῶν
455 1705 624 1787 ἀνῃρημένων
637 1709 671 1773 εἷς
683 1705 741 1772 τοὺς
754 1704 842 1785 σφετί·

49 1827 66 1863 ιο
77 1825 127 1881 ρους
136 1799 216 1866 οίιιους
226 1795 374 1876 μετέφερον·
382 1793 479 1862 ἔνδοξός
489 1817 518 1851 τι
528 1785 558 1864 ήν
569 1797 583 1850 δ
592 1794 702 1852 πλεῖστα
709 1791 843 1872 κερδάνας,

77 1893 106 1956 ebe
114 1884 273 1964 κατισχύσας
286 1882 419 1941 πλειόνων.
459 1872 512 1940 Ἦν
526 1881 553 1938 δὲ
565 1881 628 1937 ἰδεῖν
640 1878 685 1946 τάς
694 1878 781 1945 πόλεις
792 1901 840 1954 με·

79 1975 132 2041 στάς
142 1974 246 2054 ἀτάφων
261 1969 400 2048 σωμάτων,
411 1967 455 2026 καὶ
465 1964 568 2047 νεκροδς
578 1965 634 2042 ἅμα
646 1965 744 2036 νηπίοις
756 1964 844 2044 γέραν-

79 2086 117 2125 τας
127 2056 307 2140 ἐρριμμένους,
321 2054 415 2134 γύναιά
429 2078 457 2112 τε
472 2053 538 2129 μηδὲ
552 2058 598 2123 τῆς
612 2055 652 2110 ἐπ’
665 2053 733 2110 αἰδοῖ
746 2052 844 2121 σκέπης

80 2146 258 2227 μετειληφότα,
279 2143 323 2202 καλ
347 2151 436 2201 πᾶσαν
458 2141 504 2219 μὲν
527 2139 574 2212 τὴν
595 2138 725 2218 ἐπαρχίαν
747 2139 843 2215 μεστήν

52 2257 72 2292 νο
82 2235 216 2314 ἀδιηγήτων
228 2235 377 2312 συμφορῶν,
390 2228 494 2307 μείζονα
507 2227 534 2286 δθ
545 2232 595 2286 τῶν
606 2227 729 2284 ἑκάστοτε
740 2228 843 2301 τολμω·

82 2323 154 2399 μένων
167 2322 215 2393 τήν
228 2320 271 2379 tal
282 2328 335 2385 τοῖς
349 2314 543 2393 ἀπειλουμένοις
557 2315 726 2392 μετάστασιν.

115 2411 205 2488 (λό’.)
219 2407 253 2485 γ’.
275 2405 364 2485 Μάχρι
376 2404 423 2482 μίν
438 2403 470 2475 δή
483 2402 580 2462 τούτων
597 2399 730 2466 Ἰουδαίοις
741 2397 804 2478 πρὸς
817 2400 846 2456 τθ

82 2499 212 2579 ἀλλόφυλον
220 2487 287 2566 ἦσαν
298 2491 437 2569 συμύολαί·
446 2489 647 2570 κατατρέχοντες
659 2487 687 2546 δὲ
701 2490 736 2553 εἰς
744 2485 846 2548 Σκυθό-

82 2589 143 2644 πολιν
150 2584 207 2651 τοὺς
214 2579 277 2664 παρ’
282 2581 365 2660 ἐκείνη
375 2579 514 2645 Ἰουδαίους
521 2577 693 2658 ἐπειράσαντο
699 2574 845 2654 πολεμίους.

54 2690 73 2728 ει
82 2673 216 2750 Ταξάμενοι
226 2668 277 2748 pap
288 2666 356 2746 μετά
367 2672 417 2726 τῶν
430 2667 628 2728 Σκυθοπολιτῶν
638 2663 682 2721 καλ
693 2666 738 2732 τῆς
747 2664 847 2720 ἑαυτῶν

83 2759 212 2840 ἀσφαλείας
220 2760 247 2816 ἓν
257 2754 368 2836 δευτάρορ
375 2752 477 2828 θέμενοι
486 2751 533 2824 τὴν
544 2749 703 2828 συγγένειαν,
710 2748 788 2825 θμόσε
797 2752 849 2814 τοῖς

82 2848 207 2928 ὁμοφύλοις
218 2844 341 2924 ἐχώρουν.
382 2832 557 2908 ’Υπωπτεύθη
569 2837 597 2896 δὲ
607 2839 691 2896 αὐτῶν
700 2836 745 2894 καὶ
754 2836 783 2894 τὸ
790 2837 849 2893 λίαν

83 2935 210 3014 πρόθυμον.
252 2934 288 2996 Οί
307 2934 369 3007 γαῖν
390 2929 580 2988 Σκυθοπολῖται
601 2925 731 2990 δείσαντες
750 2922 787 2999 μὴ
804 2923 849 2980 νύ-

82 3046 142 3101 καορ
155 3019 341 3099 ἐπιχειρήσωσι
355 3021 387 3094 τῇ
400 3017 475 3074 πολει
491 3015 537 3073 καὶ
552 3011 619 3089 μετὰ
633 3012 749 3090 μεγαἸης
763 3010 849 3068 αὐτῶν

54 3123 74 3161 ³¹¹
83 3116 206 3189 συμφορᾶς
215 3112 268 3173 τοῖς
276 3103 376 3169 οἰκείας
384 3101 599 3180 ἀπολογήσωνται
608 3099 667 3178 περὶ
677 3101 723 3162 τῆς
734 3095 849 3154 ἀποστά-

83 3219 151 3267 σεως,
165 3192 281 3254 ἐκάλιυον
293 3189 398 3261 αύτούς,
416 3191 439 3246 τί
456 3187 591 3267 βούλονται
607 3185 654 3256 τὴν
669 3182 790 3261 ὁμόνοιαν
804 3187 850 3260 βε·

84 3282 187 3340 dautem
198 3281 243 3339 καὶ
258 3279 288 3337 τδ
300 3277 363 3357 πρθς
376 3275 436 3342 τυθς
455 3274 597 3339 ἀλλοεθνεῖς
611 3271 702 3329 πιστόν
717 3267 847 3336 ἐπιδείξα-

84 3375 143 3442 σθαι,
153 3368 318 3447 μεταδαίνειν
331 3363 387 3440 ἅμα
397 3364 452 3429 ταῖς
460 3365 560 3440 γενεαῖς
571 3363 607 3426 εἰς
620 3358 651 3416 τθ
662 3358 748 3423 ἄλσος.
789 3358 851 3416 Τῶν

21 3470 22 3475 ’
84 3455 107 3513 δὲ
116 3455 278 3528 ποιησάντων
291 3453 320 3512 τὸ
331 3449 493 3531 προσταχθὲν
506 3447 586 3528 χωρλς
600 3446 723 3528 ὑποψίας,
740 3441 784 3503 δύο
805 3441 852 3519 μίν

55 3558 73 3595 ³³
84 3545 174 3624 ἡμέρας
187 3543 323 3623 ἠρέμησαν
337 3543 361 3597 οἱ
375 3537 582 3608 Σκυθοπολῖται,
598 3533 645 3606 τὴν
659 3533 746 3592 πίστιν
767 3535 852 3601 αὐτῶν

85 3633 249 3703 δελεάζοντες,
261 3633 294 3707 τῇ
307 3626 334 3688 δὲ
345 3625 419 3707 τρίτῃ
427 3625 499 3684 νυκτλ
510 3620 740 3704 παρατηρήσαντες
752 3618 794 3685 οθς
806 3618 852 3694 μὲν

85 3719 257 3796 ἀφυλάκτους,
272 3713 315 3781 οθς
329 3713 356 3772 tl
368 3708 558 3788 aeternalitater,
574 3710 674 3775 πάντας
692 3705 852 3787 ἀπέσφαξαν,

85 3805 151 3872 ὄντας
160 3804 204 3862 τδν
214 3803 321 3883 ἀριθμὸν
330 3799 393 3879 ὑπὲρ
407 3798 512 3878 μυρίους
524 3795 569 3856 καί
582 3795 754 3877 τρισχιλίους,
768 3792 815 3859 τάς
825 3815 853 3849 τε

85 3893 178 3963 κτήσεις
187 3891 335 3971 διήρπασαν
346 3886 479 3947 ἀπάντων.

58 3992 78 4028 to
120 3980 149 4041 δ’.
169 3978 252 4047 Ἄξιον
267 3977 294 4036 δὲ
310 3974 495 4055 ἀφηγήσασθαι
506 3973 551 4030 καί
565 3971 594 4029 τό
606 3976 651 4028 τοῦ
667 3967 784 4044 Σίμωνος
799 3967 853 4025 πά-

87 4068 172 4138 θοι,θς
190 4068 245 4133 ott<
258 4065 306 4142 μὲν
323 4055 356 4134 ήν
373 4060 491 4121 Σαούλου
510 4059 575 4125 τινδς
594 4062 645 4116 τῶν
665 4059 712 4114 οὒκ
733 4049 854 4131 ἀσήμων,

88 4155 154 4234 ίόνμῃ
173 4156 201 4213 δὲ
216 4155 336 4228 σώματος
352 4149 397 4208 καὶ
410 4149 495 4226 rampe]
510 4144 646 4226 διαφόρων,
658 4143 704 4218 Ἰἐπὶ
717 4147 790 4222 κακῷ
803 4145 854 4200 τῶν

88 4244 214 4320 ὁμοφύλων
228 4235 383 4319 ἀμφοτέροις
395 4223 585 4313 κατεχρήσατο.
607 4227 710 4310 Προϊὼν
722 4233 782 4309 γοῦν
793 4236 856 4301 θση·

89 4326 157 4406 μόραι
174 4324 285 4393 πολλοὺς
308 4323 354 4401 γὲν
375 4320 465 4404 ἀνῄρει
484 4325 536 4379 τῶν
557 4317 620 4402 πρὸς
638 4345 670 4399 τη
697 4317 857 4378 Σκυθοπολιι

59 4426 78 4462 ⁴³¹
89 4414 224 4485 Ἰουδαίων,
232 4406 388 4494 τρεπόμενος
397 4410 426 4468 δὲ
435 4409 560 4475 πολλάκις
570 4407 662 4473 αὐτούς
671 4406 770 4471 πάντας
780 4405 857 4482 μόνος

89 4493 116 4572 ἦν
129 4504 194 4583 ῥοπή
210 4507 256 4574 τῆς
266 4498 445 4580 παρατάξεως.
485 4495 658 4576 Περιέρχεται
671 4493 699 4552 ’δὲ
710 4493 787 4551 αὐτὸν
799 4490 857 4557 ἀξια

89 4592 157 4662 ποινή
167 4596 213 4649 τοῦ
220 4593 370 4667 ουγγενικοῦ
382 4586 467 4665 φόνου.
509 4582 588 4643 Ἐπεί
598 4579 821 4661 γάρπερισχόντις
834 4579 863 4645 οἱ,

91 4679 272 4737 Σκυθοπολῖται
281 4674 465 4744 κατηκόντιζον
476 4667 569 4736 αὐτοὺς
580 4668 630 4726 ἀνὰ
642 4666 671 4725 rb
682 4666 759 4730 ἄλσος
765 4709 776 4734 ,
789 4686 857 4722 σπα·

91 4764 193 4841 σάμενος
204 4764 234 4822 τθ
243 4763 312 4841 ξίφος
322 4760 362 4820 ἐπ’
375 4759 465 4818 οὐδένα
476 4755 524 4833 μὲν
533 4755 655 4835 τρέπεται
668 4757 719 4810 τῶν
729 4749 860 4825 πολεμίων

61 4869 81 4902 αι
93 4853 145 4928 [καί
153 4851 203 4930 γάρ
211 4851 279 4931 ἐώρα
289 4847 319 4907 τθ
328 4850 425 4918 πλῆθος
436 4844 578 4916 ἀνήνυτον),
590 4839 739 4909 ἀναόοήσας
748 4837 776 4896 δδ
787 4833 860 4912 μάλα

91 4940 218 5014 ἐκπαθῶς,
236 4936 319 5006 ιάξιά
328 4958 357 5009 γε
370 4927 405 4993 ιῖιν
417 4933 515 5014 ἔδρασα
528 4930 641 5010 πάσχω,
654 4925 860 4998 Σκυθοπολῖται,

94 5027 169 5084 «καθ’
184 5027 265 5102 ὑμῶν,
278 5023 317 5080 ότι
332 5019 445 5099 τοσούτῳ
456 5017 525 5098 φόνῳ
539 5017 668 5092 συγγενῶν
681 5011 729 5082 τήν
741 5009 803 5087 πρδς
815 5011 863 5066 αθ·

94 5112 172 5179 Ιτοὺς
193 5112 293 5170 εὔνοιαν
314 5106 512 5183 ἔπιοτωοάμην·
538 5107 674 5183 τοιγαροῦν
698 5089 734 5164 οῖς
752 5096 860 5154 ἀπιοτον

97 5198 163 5272 «ptr
178 5198 287 5264 εύλόνως
301 5195 406 5278 εὕρηται
419 5193 449 5252 τδ
466 5191 619 5272 ἀλλόφυλον,
640 5184 768 5260 ήσίόηται
782 5184 808 5242 δὲ
828 5184 863 5248 εἷς

514 446 568 506 DE
588 445 711 513 betto
732 444 814 506 tlte.
835 443 908 504 tte.
932 444 971 502 tl.
993 445 1071 503 cal.
1093 443 1199 504 xvtlt.

1433 443 1553 523 [raama]
1597 454 1651 506 tlt

881 579 1038 640 trucidabant,
1051 593 1096 630 non
1108 579 1184 628 solum
1192 591 1221 628 er
1229 577 1294 640 odio,
1304 580 1338 628 uli
1350 579 1425 642 priua,
1436 581 1478 632 aed
1489 584 1515 631 ul
1525 583 1658 644 periculum

882 676 946 740 quod
957 677 1014 740 ipsis
1025 675 1165 726 imminebat
1181 679 1273 724 mature
1285 676 1450 738 prevenirent.
1482 681 1566 738 Magna
1577 681 1657 728 ιιυιειιν

883 772 1029 837 perturbatio
1036 772 1128 834 syriam
1139 785 1234 822 omnem
1249 772 1391 834 occupabat,
1407 777 1431 822 et
1444 785 1593 835 unaqueque
1603 774 1659 822 eiri-

884 871 920 914 taa
939 866 963 914 iu
981 863 1041 914 duos
1061 864 1201 914 dirimeret
1214 865 1351 914 exercitus:
1367 865 1454 926 quibua
1472 865 1574 914 invicem
1591 866 1659 914 euluti

883 969 947 1025 erat,
958 963 979 1012 ei
988 965 1055 1012 alteri
1065 965 1152 1014 alteros
1164 965 1354 1025 praevertleeent,
1365 963 1487 1026 vitamque
1499 963 1600 1013 interdiu
1611 964 1661 1025 orri-

884 1058 939 1109 deru
954 1059 978 1107 in
997 1059 1063 1108 caede
1083 1058 1197 1122 agebant,
1215 1061 1285 1108 noctu
1302 1073 1360 1108 vero
1373 1060 1397 1108 in
1410 1060 1536 1110 tormidine
1547 1059 1660 1120 graviori.

884 1152 943 1198 llaru
954 1163 1029 1211 quum
1041 1149 1126 1210 aiugrrli
1139 1148 1360 1199 Jaaeasdenredlo
1372 1137 1662 1200 sublatoaeaaeeaiatima·

885 1237 1663 1300 reattndaizanteaauspeetoahebebant3atquedubioautrlnqne

885 1330 911 1376 et
927 1327 1052 1388 arnhigooa
1070 1326 1132 1376 baud
1151 1333 1239 1377 temere
1259 1327 1385 1389 qnisquam
1404 1327 1535 1376 interlicere
1551 1328 1664 1388 volebat,

886 1417 1012 1477 penulatos
1024 1419 1103 1465 lamen
1118 1429 1174 1465 cum
1186 1416 1239 1466 aliia
1250 1421 1280 1466 ot
1296 1416 1363 1478 plane
1374 1417 1518 1477 alienigenae
1532 1416 1662 1467 metuebat.

886 1505 922 1554 ad
932 1505 1009 1554 caedes
1018 1510 1096 1555 autem
1107 1505 1212 1556 adversa
1229 1507 1302 1568 partia
1314 1520 1356 1556 eoa
1372 1506 1442 1555 eliam
1452 1506 1597 1568 provocabat
1607 1520 1663 1556 ara·

885 1595 954 1654 ritia,
971 1595 1013 1657 qui
1032 1597 1098 1659 prius
1115 1609 1209 1644 summe
1223 1597 1340 1646 mansueti
1355 1609 1407 1646 ease
1423 1595 1559 1645 riderentur
1580 1611 1587 1644 τ
1607 1609 1663 1646 nam

886 1697 1004 1734 cesorum
1017 1685 1141 1734 facultates
1158 1685 1275 1748 intrepide
1290 1685 1445 1748 diripiebant,
1457 1691 1481 1736 et
1493 1685 1559 1750 quael
1571 1699 1599 1735 ex
1616 1686 1667 1734 acie

886 1775 1018 1826 oocieorum
1036 1775 1110 1838 apulia
1121 1776 1145 1824 in
1155 1775 1238 1825 domne
1255 1789 1311 1826 auae
1321 1775 1492 1838 deportabant;
1508 1776 1596 1839 quique
1613 1777 1663 1838 plu·

887 1867 948 1914 rima
962 1865 1067 1915 lucratue
1077 1873 1137 1928 erat,
1150 1865 1280 1916 habebatur
1290 1867 1404 1928 illustria,
1415 1879 1444 1916 ae
1453 1867 1473 1915 ai
1485 1867 1564 1929 piures
1576 1867 1665 1918 virtute

888 1960 1031 2018 euperaaeet.
1065 1959 1167 2006 cernere
1176 1958 1255 2006 autem
1265 1961 1316 2004 eret
1325 1957 1432 2006 ἀνίεσθαι
1443 1955 1598 2006 cadaveribus
1609 1957 1668 2006 inae·

890 2045 965 2107 pultis
975 2046 1088 2108 refertae,
1101 2051 1125 2094 et
1136 2051 1243 2095 mortuos
1254 2047 1369 2108 proiectos
1379 2059 1433 2096 cum
1443 2046 1668 2104 intantihue'aenee,

889 2136 915 2183 et
926 2135 1038 2184 mulieres
1049 2135 1100 2196 ipoo
1110 2134 1206 2197 pudoris
1216 2135 1348 2184 veiamento
1360 2134 1477 2193 nudatae,
1490 2139 1514 2182 el
1526 2137 1600 2184 lotam
1613 2135 1668 2196 oril-

889 2222 944 2272 dem
951 2225 1098 2287 prouinciam
1106 2224 1282 2274 calamitatibun
1289 2223 1392 2272 infandis
1401 2224 1502 2286 plenam,
1511 2224 1540 2272 iio
1548 2236 1668 2284 ueroqure

889 2313 1084 2374 perpetrabantur
1097 2313 1210 2374 majorem
1221 2313 1361 2362 {intentatam
1371 2312 1536 2364 mutationem·

922 2405 1667 2471 (lllllllv.):tiithactenusquidemJudreioonlliutatieuateum

890 2507 1026 2569 alienigenis
1042 2521 1047 2554 :
1064 2507 1225 2556 excursionem
1240 2510 1321 2556 ιυιεεο
1335 2505 1447 2554 laedentes
1458 2507 1482 2554 ln
1496 2504 1667 2568 seythopoleue

891 2606 1033 2666 metium
1043 2604 1139 2655 Judoem
1149 2603 1197 2654 illie
1207 2603 1340 2652 babitantee
1348 2603 1440 2664 experti
1450 2608 1505 2652 aurit
1513 2603 1601 2652 lroelce.
1609 2605 1669 2653 llam

891 2703 1007 2768 quemad
1020 2701 1095 2750 aciem
1108 2703 1195 2763 prreeto
1206 2705 1286 2750 eeaem
1299 2698 1483 2761 Seytlropolitia,
1498 2703 1522 2747 et
1531 2698 1670 2748 alllnltatem

892 2796 1063 2860 poetbabereot
1079 2795 1180 2858 propriae
1195 2793 1368 2855 incolumitati,
1384 2805 1438 2842 curn
1451 2792 1501 2842 suia
1518 2793 1672 2855 popularibus

893 2907 978 2944 meum
995 2891 1159 2945 conserebant,
1201 2893 1315 2953 suspectu
1334 2895 1412 2938 tamen
1431 2894 1482 2938 erat
1503 2889 1554 2938 hee
1576 2889 1673 2940 illorum

893 2991 1055 3054 promptitudo
1073 2996 1096 3040 ct
1115 2989 1232 3040 alacritas.
1265 2991 1349 3051 ltaque
1365 2986 1537 3049 scythopolitae
1552 2987 1620 3036 veriti
1642 2999 1673 3037 ne

893 3094 965 3140 noctu
976 3089 1099 3138 civitatem
1109 3089 1267 3147 adorirentur,
1280 3091 1304 3136 et
1320 3098 1403 3146 magna
1418 3085 1525 3146 ipsorum
1540 3085 1674 3136 calamitate

894 3189 1008 3238 tratrihue
1016 3189 1160 3237 exerrmrent
1168 3186 1335 3246 deiectionem,
1347 3183 1393 3232 illle
1402 3182 1579 3244 proripiebant,
1588 3183 1608 3231 ei
1617 3195 1673 3232 cun-

894 3285 997 3336 cordiam
1012 3283 1099 3334 vellent
1114 3279 1247 3332 mudrmarl
1262 3290 1378 3340 οιιειιιουε
1392 3277 1528 3338 alienigenis
1546 3277 1618 3326 iidem
1628 3276 1673 3326 de·

894 3381 1037 3441 monauari,
1049 3383 1076 3428 ut
1086 3391 1142 3428 cum
1152 3375 1245 3428 lamilile
1253 3375 1303 3430 ruta
1313 3374 1337 3424 in
1348 3373 1430 3422 lucum
1440 3372 1575 3422 manabant.
1591 3376 1674 3430 Quum

895 3487 976 3532 autem
986 3480 1019 3530 iiii
1029 3479 1080 3529 eine
1091 3474 1228 3538 suspicione
1237 3474 1351 3536 imperata
1368 3471 1495 3530 lactarent,
1504 3469 1565 3520 duce
1574 3470 1674 3534 quidem

896 3583 947 3634 diee
965 3581 1108 3646 quieverunt
1118 3575 1301 3640 scythopolitae,
1315 3573 1448 3623 inerrantes
1456 3584 1539 3622 eorum
1549 3571 1676 3633 ilductara,

897 3682 967 3732 tertia
980 3692 1037 3730 vero
1053 3679 1136 3738 nocte,
1151 3678 1244 3737 captata
1258 3671 1448 3736 opportunitate,
1459 3671 1518 3721 alica
1528 3669 1625 3733 quidem
1640 3669 1676 3718 ln·

897 3784 992 3840 cautos,
1010 3775 1069 3825 alios
1086 3787 1141 3824 rero
1153 3772 1257 3834 aoplloe,
1268 3781 1351 3820 omnen
1363 3768 1524 3828 trucidarunt,
1537 3778 1636 3816 numero
1644 3763 1676 3814 ud

898 3877 1011 3928 tredecim
1023 3875 1110 3935 millia,
1122 3879 1147 3923 et
1156 3871 1278 3922 bcrrltatee
1286 3868 1393 3919 omnium
1402 3866 1559 3932 diripuerunt.

929 3972 953 4018 t.
967 3955 1605 4022 eonvenitautemeuerrerequodsimonleeeidit,qui
1615 3955 1678 4006 titire

898 4051 995 4114 quidem
1007 4053 1057 4098 erat
1066 4048 1129 4098 Sauli
1139 4045 1262 4107 cujusdam
1275 4042 1320 4092 viri
1329 4055 1376 4092 non
1387 4039 1511 4104 ignobilis,
1524 4040 1609 4090 robore
1621 4053 1680 4090 rero

898 4135 1003 4204 oorpo'rin
1011 4137 1140 4188 etaudacia
1148 4137 1275 4197 preeatana,
1285 4131 1372 4196 quibua
1381 4129 1519 4192 utrlaqueiu
1527 4127 1679 4190 popularium

900 4239 997 4277 auorum
1009 4224 1123 4273 damnum
1138 4220 1227 4268 abueue
1238 4221 1283 4266 eat.
1317 4218 1473 4277 Quapropter,
1486 4225 1561 4275 quum
1572 4210 1679 4274 quotidie

900 4313 1047 4370 immineret,
1060 4307 1148 4356 multoe
1159 4303 1255 4367 quidem
1273 4297 1412 4350 ludaeorum
1430 4295 1567 4360 scythopoli
1584 4295 1678 4356 propiu-

901 4404 961 4454 quos
968 4387 1099 4445 occidebat,
1107 4389 1131 4434 et
1139 4384 1274 4444 frequenter
1282 4379 1385 4438 integros
1392 4385 1568 4426 ecrumcuneoe
1578 4372 1679 4421 lundene

833 4489 839 4508 ι
902 4473 1033 4533 ingensque
1047 4468 1112 4515 aolus
1123 4465 1174 4513 erat
1186 4464 1260 4510 instar
1277 4459 1345 4508 aciei.
1358 4457 1395 4508 llll
1408 4459 1488 4505 autem
1502 4453 1600 4513 contigit
1611 4467 1680 4514 prena

902 4563 974 4613 qoam
985 4547 1126 4596 commeruit
1137 4541 1259 4604 gentilium
1273 4537 1360 4586 credes.
1392 4537 1452 4585 llam
1473 4534 1600 4596 postquam
1620 4535 1680 4592 Scy·
1719 4527 1720 4530 ’

903 4628 1023 4690 thopolitaa
1032 4623 1205 4673 circumdantee
1215 4616 1315 4668 Judaeoe
1325 4616 1348 4664 in
1358 4615 1413 4663 luco
1422 4609 1508 4672 jaciatis
1517 4609 1681 4671 mnbgeham,

903 4706 979 4772 gladic
992 4705 1090 4762 educto,
1103 4701 1220 4750 neminem
1232 4695 1328 4758 quidem
1341 4692 1446 4742 boatium
1461 4689 1567 4738 adoritur
1580 4689 1681 4752 (eteraim

903 4787 1001 4837 ridebat
1011 4785 1035 4832 in
1047 4785 1110 4831 tanta
1123 4777 1273 4830 multitudine
1283 4787 1310 4823 ae
1323 4772 1381 4822 nibil
1396 4781 1466 4834 pueae
1478 4769 1598 4829 allicere),
1612 4769 1682 4817 rehe-

904 4866 1068 4917 mentientem
1082 4861 1142 4910 lacta
1154 4855 1336 4911 exclamatione,
1352 4871 1364 4894 a
1376 4850 1461 4912 digna,
1474 4848 1564 4911 inquit,
1579 4847 1682 4908 scytho-

906 4953 918 4991 ο
931 4946 1026 5009 politae,
1036 4943 1065 4991 iis
1074 4953 1130 5002 quae
1139 4937 1202 4999 geret
1212 4935 1261 4996 iam
1272 4933 1370 4995 patiore
1381 4929 1449 4980 vobio
1459 4963 1467 4990 ,
1479 4928 1568 4992 quippe
1576 4926 1617 4989 qui
1631 4931 1681 4974 tana

908 5047 920 5069 ιι
932 5024 1007 5074 molta
1021 5021 1109 5071 civium
1123 5017 1186 5068 caede
1199 5012 1369 5066 benevolentiae
1385 5023 1440 5071 erpa
1458 5021 1500 5058 roa
1516 5008 1581 5069 ipaae
1593 5007 1682 5054 nostroe

908 5128 920 5152 r
933 5107 1003 5156 iidem
1017 5101 1120 5153 iuterim.
1153 5102 1231 5158 Quare
1242 5095 1332 5156 iustum
1343 5095 1381 5143 eet
1390 5095 1419 5140 'ut
1429 5090 1505 5140 aliena
1516 5085 1611 5150 quidem
1626 5091 1684 5146 gerra

909 5209 921 5231 a
934 5185 1003 5236 nobis
1016 5181 1087 5231 iulide
1099 5179 1266 5241 comperiatur,
1280 5174 1320 5236 qni
1335 5176 1441 5222 extrema
1453 5169 1476 5218 lu
1488 5167 1596 5215 nestrum
1608 5171 1686 5221 genua
