3825 6059
229 486 265 535 fio
308 470 449 547 (rutarum.)

226 620 276 667 πην
300 592 472 675 προσίλαόον·
499 591 612 669 ἔγνωσαν
650 592 701 671 γὰρ
723 590 771 660 τήν
808 614 837 648 τε
865 588 998 667 Σαλώμην

224 682 319 761 ἐχθρὰν
334 680 379 740 καλ
389 679 433 738 τόν
447 682 512 738 θεῖον
528 677 666 758 Φερώραν.
707 668 794 736 Ἦσαν
807 677 833 735 δὲ
852 681 937 756 βαρεῖς
952 676 999 751 μὲν

225 768 366 850 ἀμφότεροι
377 767 421 826 καὶ
432 765 556 845 χαλεποὶ,
573 765 698 845 Φερώρας
713 763 739 822 δὲ
753 764 859 841 μείζων,
873 764 900 829 ὃς
914 763 1001 832 πάσης

226 857 274 934 μὲν
288 854 416 916 ἐκοινώνει
427 859 472 926 τῆς
488 853 619 932 βασιλείας
635 852 703 923 πλὴν
717 851 889 929 διαδήματος,
901 851 999 929 προσό-

199 947 271 1005 cieo
283 944 310 1002 δέ
327 943 392 1010 ἰδίας
414 940 505 1001 ἑκατὸν
518 932 572 1019 εἶχε
589 942 721 1013 τάλαντα,
737 940 783 1011 τήν
799 940 825 997 δὲ
839 938 920 1018 πέραν
935 938 1001 1017 Ἰορ-

226 1030 304 1090 δάνον
324 1040 411 1088 πᾶσαν
432 1032 574 1108 ἐκαρποῦτο
592 1026 695 1108 χώραν,
708 1025 796 1085 λαθὼν
815 1025 888 1105 παρὰ
907 1026 1001 1083 τάδελ-

226 1123 273 1197 φοῦ
286 1118 375 1196 δῶρον·
390 1114 417 1181 δς
434 1113 511 1173 αὐτὸν
527 1114 632 1184 ἐποίησε
646 1114 690 1171 καί
709 1112 868 1191 τετράρχην,
890 1110 1000 1180 αἰτησά-

162 1203 184 1237 ’“
228 1228 303 1282 μενος
317 1203 390 1282 παρά
415 1201 559 1280 Καίσαρος,
585 1202 723 1279 βασιλικῶν
747 1223 774 1258 τε
798 1200 890 1277 γάμων
906 1197 1002 1269 ἠξίωσε

228 1290 382 1361 συνοικήσας
399 1289 512 1369 ἀδελφήν
526 1292 572 1359 τῆς
595 1288 662 1354 lile<
677 1287 810 1365 γυναικὸς,
826 1285 893 1363 μετὰ
911 1284 937 1343 δὲ
954 1286 1001 1356 τήν

189 1397 213 1436 ιο
228 1378 324 1448 ἐκείνης
337 1377 457 1447 τελευτὴν
470 1375 622 1435 καθωσίωσε
631 1374 678 1445 τήν
689 1373 870 1455 πρεσῦυτάτην
888 1376 940 1431 τῶν
955 1375 1001 1430 αθ-

227 1471 272 1524 τοῦ
295 1462 456 1545 θυγατέρων,
492 1463 535 1521 ἐπί
560 1463 647 1542 προικί
672 1462 826 1541 τριακοσίοις
856 1460 1001 1525 ταλάντοις.

227 1552 295 1612 'nil’
316 1552 415 1631 ἀπέδρα
444 1549 571 1630 Φερώρας
588 1549 632 1607 τὸν
664 1550 797 1627 βασιλικὸν
826 1547 910 1626 γάμον
939 1546 1002 1627 πρὸς

227 1640 310 1719 ἔρωτα
325 1639 425 1709 δούλης.
477 1638 536 1719 Ἐφ’
550 1630 734 1717 ᾧχαλεπήνας
757 1630 878 1716 Ἡρώδης
895 1634 942 1707 τήν
955 1634 1002 1712 μὲν

226 1725 403 1806 θυγατέρατῷ
419 1724 482 1803 πρὸς
497 1724 609 1803 Πάρθων
623 1723 729 1803 ὕστερον
745 1722 903 1801 ἀναιρεθέντι
927 1720 1002 1780 συνέ-

188 1828 212 1867 to
227 1813 310 1882 ζευξεν
326 1811 470 1891 ἀδελφιδῷ,
486 1806 600 1890 Φερώρα
616 1810 642 1868 δὲ
662 1815 717 1887 μετ’
732 1813 760 1867 οῦ
778 1809 843 1867 πολὺ
862 1808 909 1887 τήν
923 1808 1002 1889 ἀργήν

228 1899 306 1971 ἀνίει,
320 1896 403 1964 διθοίις
420 1896 575 1975 συγγνώμην
590 1902 622 1976 τῇ
635 1897 710 1977 νόσῳ.
938 1902 940 1906 ’

267 1986 302 2052 ς’.
325 1985 483 2045 bucellino
495 1985 575 2043 δὲκαὶ
587 1985 670 2043 πάλαι
683 1982 747 2061 μὲν,
761 1983 799 2042 ἔτι
811 1983 894 2055 ζώσης
903 1988 949 2054 τῆς
958 1988 1002 2060 βα-

227 2074 335 2145 σιλίδος,
351 2071 524 2131 ἐπιάουλεόειν
540 2074 611 2152 αὐτῷ
625 2072 780 2153 φαρμάκοις.
808 2072 874 2131 Τότε
890 2070 916 2129 δέ
927 2073 1002 2129 πλεῖ-

202 2232 206 2239 ,
228 2185 284 2220 στοι
307 2159 420 2239 μηνυταί
436 2158 599 2239 προσῄεσαν,
616 2164 649 2226 ὡς
668 2159 764 2232 καίπερ
783 2156 1002 2238 φιλαδελφότατον

187 2270 214 2309 κο
227 2249 288 2309 ὄντα
302 2246 422 2326 Ἡρώδην
435 2250 470 2313 είς
481 2247 568 2306 πίστιν
579 2252 729 2325 ὑπαχθῆναι
740 2250 790 2304 τῶν
800 2245 945 2323 λεγομένων
957 2245 1003 2303 καλ

229 2336 293 2403 δέος.
336 2334 451 2401 Πολλοὺς
465 2334 492 2393 δὲ
513 2338 564 2393 τῶν
578 2336 604 2391 ἐν
619 2334 725 2413 ὑπονοίᾳ
747 2333 889 2413 βασανίσας
913 2336 999 2391 τελευ-

227 2425 299 2482 ταῖον
322 2415 399 2494 ἦλθεν
416 2421 458 2479 ἐπὶ
477 2420 536 2488 τοὺς
554 2422 668 2501 Φερώρα
687 2422 789 2503 φίλους,
810 2414 846 2480 ιὺν
860 2420 1002 2492 ἐπιόουλὴν

229 2509 275 2586 μέν
297 2510 415 2590 ἄντικρυς
429 2509 596 2587 ὡμολόγησεν
607 2509 704 2582 οὐδεὶς,
717 2508 757 2567 ὅτι
771 2510 798 2567 δέ
812 2509 859 2579 τήν
870 2507 1003 2588 ἐρωμένην

228 2597 411 2678 ἁρπασάμενος
431 2598 465 2661 είς
477 2594 596 2675 Πάρθους
610 2596 754 2673 ἀποδράναι
776 2595 1016 2673 παρεσκευάζετο,’

189 2702 214 2739 νο
229 2684 392 2763 συμμέτοχοι
404 2682 430 2740 δέ
440 2688 483 2740 τοῦ
495 2682 644 2759 σκέμματος
660 2685 731 2761 αὐτῷ
742 2682 843 2751 καὶτῆς
855 2686 936 2761 φυγῆς
950 2686 1002 2741 Kc·

230 2768 510 2848 στάόαροςθΣαλώμης
517 2759 619 2847 diripit
628 2768 767 2848 συνῴκισεν
777 2766 856 2838 αὑτήν
864 2773 878 2825 ὑ
885 2769 1004 2845 βασιλεὺς

229 2856 272 2913 ἐπὶ
283 2856 387 2934 μοιχείᾳ
397 2860 440 2912 τοῦ
449 2852 572 2933 προτέρου
584 2854 772 2935 διαφθαρέντος.
783 2845 837 2913 Ἦν
847 2853 874 2911 δὲ
885 2855 1003 2932 ἐλευθέρα

230 2941 351 3029 διαβολῆς
359 2942 417 2997 οὑδε
423 2938 552 3015 Σαλώμη.
563 2939 616 3001 Καὶ
626 2939 677 3021 γάρ
685 2944 764 3012 αὐτῆς
775 2939 1004 3021 Φερώραςὺἀδελ-

229 3029 274 3103 φδς
284 3026 436 3107 κατηγόρει,
452 3026 579 3097 συνθήκας
596 3028 656 3106 περλ
670 3029 756 3107 γάμου
770 3028 926 3104 ποιουμένης
940 3028 1004 3107 πρὸς

190 3135 218 3174 ιν
232 3118 358 3178 Συλλαῖον
384 3114 427 3173 τὀν
441 3114 539 3175 Ὀὄόδα
554 3122 598 3175 τοῦ
621 3116 737 3196 'alpaidem
759 3114 884 3196 βασιλέως
900 3116 1002 3195 ἐπίτρο-

230 3228 287 3277 πον,
301 3206 327 3272 ὃς
340 3196 371 3276 ἧν
387 3202 540 3283 ἐχθρότατος
556 3204 670 3285 Ἡρώδη.
717 3205 903 3283 Διελεγχθεῖσα
918 3204 944 3263 δέ
959 3204 1004 3262 καὶ

228 3298 304 3350 τοῦτο
318 3290 364 3351 καλ
380 3290 466 3349 πάντα
480 3290 528 3349 ὅσα
542 3292 669 3373 Φερώρας
685 3293 813 3364 ἐνεκάλει,
829 3290 1004 3368 συγγινώσκε-

223 3403 280 3445 ται·
297 3378 425 3437 καῖαῦτδν
451 3378 478 3437 δὲ
505 3378 633 3461 Φερώραν
650 3384 664 3438 ὑ
687 3378 807 3460 βασιλεὺς
822 3378 934 3435 ἀπέλυσε
953 3381 1004 3435 τῶν

230 3464 411 3541 ἐγκλημάτων.

189 3572 216 3610 aa
268 3552 300 3617 ζ’.
324 3549 508 3609 mertinesie
526 3552 566 3607 ἐπ’
582 3550 745 3631 Ἀλέξανδρον
762 3548 887 3630 ὑχειμθιν
902 3554 948 3619 τῆς
964 3553 1005 3608 οῖ-

232 3636 298 3707 κίας,
313 3636 357 3694 καί
371 3639 432 3715 περί
447 3636 494 3707 τήν
516 3636 611 3695 ἐκείνου
632 3640 745 3719 κεφαλὴν
763 3636 820 3703 ile
835 3637 1003 3717 ἀπηρείσατο.

228 3726 306 3802 Τρεῖς
314 3716 381 3793 ήσαν
395 3724 511 3800 εὐνοῦχοι
523 3728 560 3803 τῷ
572 3726 673 3802 βασιλεῖ
685 3724 853 3801 τιμιώτατοι,
870 3724 915 3782 καλ
927 3726 1004 3794 δῆλον

228 3809 254 3875 ἐξ
267 3800 303 3865 ὧν
314 3808 496 3887 ἐλειτούργουν·
506 3814 543 3891 τῷ
551 3810 598 3884 μὲν
611 3810 661 3891 γάρ
671 3814 794 3889 οἰνοχοεῖν
806 3811 1005 3890 προσετέτακτο,

229 3900 267 3974 τῷ
283 3892 310 3952 δέ
327 3896 429 3952 δεῖπνον
446 3896 607 3975 προσφέρειν,
627 3901 641 3954 ὁ
661 3896 687 3954 δέ
709 3898 784 3955 αὐτὸν
799 3898 963 3975 κατεκοίμιζέ
976 3924 1005 3958 τε

190 4002 217 4039 ιο
229 3982 274 4039 καλ
289 3980 510 4057 συγκατεκλίνετο.
575 3984 686 4049 Τούτους
701 3987 735 4050 είς
751 3984 902 4043 τθπαιδικά
915 3986 1005 4065 δώροις

230 4069 351 4144 μεγάλοις
366 4068 480 4145 ὑπήγετο
496 4070 691 4152 θἈλέξανδρος.
733 4071 852 4144 Μηνυθὲν
863 4073 889 4131 δὲ
903 4079 941 4154 τῷ
957 4080 1004 4152 βα·

229 4156 478 4234 σιλεῒ,διηλίγχοντο
489 4157 620 4236 βασάνοις,
634 4158 679 4217 καὶ
690 4157 737 4230 τήν
753 4160 799 4237 μέν
813 4162 949 4219 συνουσίαν
963 4164 1005 4219 εὖ·

229 4239 291 4307 θέως
302 4240 460 4319 ὡμολόγουν·
473 4240 588 4323 ἐξέφερον
602 4243 629 4303 δέ
641 4245 685 4303 καῖ
699 4244 875 4317 τάςείςαθτήν
889 4247 1004 4326 ὑποσχέ-

230 4352 296 4401 σεις,
310 4327 444 4408 θντρόπον
459 4334 613 4401 ἀπατηθεῖεν
629 4336 672 4390 ὑπ’
690 4332 874 4414 Ἀλεξάνδρου,
887 4334 1004 4410 λέγοντος

189 4431 217 4471 ιι
230 4419 264 4481 ὡς
283 4418 341 4501 σύιμ
347 4418 374 4473 ἐν
388 4415 494 4497 Ἡρώδῃ
512 4418 563 4477 δέοι
578 4417 624 4485 τάς
635 4419 740 4487 ἐλπίδας
759 4420 838 4499 ἔχειν,
850 4424 950 4480 ἀναιδεῖ
960 4423 1003 4500 γέ-

232 4524 300 4580 ροντι
318 4502 363 4561 καὶ
382 4505 537 4587 βαπτομένῳ
556 4506 601 4573 τάς
615 4506 712 4583 κόμας,
725 4510 747 4565 εί
762 4508 799 4585 μή
815 4508 856 4566 iri
870 4516 946 4569 τοῦτο
960 4516 1004 4568 αὖ·

150 4631 153 4639 .
212 4619 217 4626 -
231 4588 274 4645 τὸν
287 4589 382 4647 οἴονται
395 4592 440 4649 καὶ
458 4592 527 4667 νέον,
540 4598 610 4675 αὐτῷ
627 4594 654 4653 δέ
663 4595 815 4677 προσέχειν,
832 4596 858 4662 δς
872 4598 916 4656 καί
930 4598 1004 4679 παρδι

232 4673 336 4741 ἀκθντος
350 4678 491 4746 διαδέξεται
516 4680 563 4751 τήν
577 4682 723 4760 βασιλείαν,
737 4685 783 4741 οθκ
799 4687 834 4750 εἰς
856 4686 960 4765 μακράν
976 4710 1004 4744 τε

231 4760 289 4833 τοῦς
303 4760 349 4837 μέν
363 4764 466 4843 ἐχθροὺς
478 4770 629 4843 ἀμυνεῖται,
641 4770 699 4836 τοὺς
713 4771 800 4851 φίλους
810 4772 832 4829 δ’
845 4774 998 4849 εὐδαίμονας

191 4871 218 4909 το
231 4846 334 4917 ποιήσει
348 4848 392 4904 καῖ
402 4852 551 4931 μακαρίους,
565 4858 616 4935 πρὸ
629 4856 732 4916 πάντων
746 4859 769 4916 δ’
784 4858 884 4927 αὐτούς·
899 4852 964 4919 εἶναι
977 4864 1004 4920 δὲ

231 4935 275 4993 καί
295 4934 432 5014 θεραπείαν
447 4941 497 4995 τῶν
516 4942 630 5000 δυνατῶν
645 4946 704 5026 περὶ
721 4946 762 5003 τόν
780 4947 943 5028 Ἁλέξανδρον
956 4953 1003 5009 λοι·

231 5021 338 5101 θραίαν,
355 5020 413 5088 τοός
428 5046 456 5080 τε
475 5026 603 5101 ἡγεμόνας
620 5036 664 5087 τοῦ
682 5040 868 5113 στρατιωτικοῦ
887 5036 931 5095 καί
947 5036 1004 5105 τοῦς

231 5108 382 5189 ταξιάρχους
396 5109 482 5191 κρύφα
494 5113 557 5192 πρὸς
572 5116 784 5195 αὐτὸνσυνιέναι.

269 5198 306 5267 η’.
330 5200 420 5258 Ταῦτα
438 5200 481 5258 τόν
499 5198 619 5281 Ἡρώδην
633 5203 713 5272 οὑτως
726 5206 923 5287 ἐξεφόὸησενώς
938 5213 1004 5288 μηδὲ

680 466 756 525 uox
779 464 877 523 rore.
901 418 1205 523 nonullorum.
1226 465 1262 522 a.
1286 463 1376 521 neu.
1400 464 1459 521 ιιι.

1668 458 1827 537 [ιιι-ιω

1045 597 1122 646 moesti
1134 599 1158 646 ei
1171 596 1264 647 solliciti
1276 610 1329 646 esse
1341 597 1471 657 ceperunt
1502 595 1596 644 Etenim
1612 608 1749 657 cognouere
1761 596 1827 644 Sato-

1044 702 1099 737 men
1111 688 1216 747 oibiepse
1227 688 1340 737 intensam
1349 694 1374 737 et
1385 693 1497 750 patruum
1507 687 1635 735 Plreroram
1645 686 1737 734 :ambo
1747 689 1828 734 autem

1044 788 1111 834 erant
1121 788 1240 844 gravenel
1250 784 1370 842 dililciles,
1383 783 1514 844 presertim
1527 796 1583 831 rem
1592 783 1728 841 Plreroras,
1739 752 1828 843 quippe

1044 879 1085 942 qui
1100 880 1211 929 omnium
1225 880 1250 929 in
1261 892 1333 941 regno
1351 882 1439 941 praeter
1456 878 1567 927 diadema
1580 876 1702 941 particeps
1720 886 1789 936 erat,
1801 883 1828 926 et

1045 981 1142 1026 centum
1162 976 1304 1024 talentorum
1325 975 1429 1024 reditum
1450 974 1481 1024 de
1502 989 1546 1023 suo
1565 975 1681 1035 ilabebat,
1702 976 1830 1035 totiusque

1045 1071 1110 1116 trans
1119 1067 1247 1133 Jordnnem
1256 1066 1358 1127 regionis
1367 1066 1471 1114 fructum
1488 1065 1645 1128 percipiebat,
1657 1080 1688 1114 εκ
1709 1065 1794 1114 fratris
1805 1067 1829 1115 in

1045 1161 1124 1223 ipsum
1133 1159 1305 1219 muniticeritia3
1316 1160 1385 1220 quiet
1394 1159 1596 1207 tetrarclrameum
1605 1159 1745 1221 lecit,quod
1756 1163 1828 1207 aeae·
1886 1147 1891 1156 ⁴

1045 1270 1098 1305 sare
1109 1256 1222 1319 petierat,
1239 1255 1358 1317 regalique
1377 1253 1489 1315 conjugio
1506 1253 1686 1315 dignatusest,
1706 1254 1733 1301 iu
1749 1255 1829 1302 matri·

1046 1351 1151 1400 nroninm
1164 1350 1219 1399 data
1236 1350 1317 1398 uxoris
1337 1364 1388 1399 suae
1405 1364 1503 1404 sorore,
1519 1349 1588 1409 cirins
1600 1352 1655 1411 post
1673 1350 1772 1398 obitum
1790 1350 1830 1399 de·

1046 1447 1142 1511 spondit
1156 1448 1177 1496 cl
1187 1447 1288 1494 filiarum
1300 1458 1398 1494 surarum
1410 1449 1466 1495 ualu
1478 1446 1622 1507 maximam,
1638 1459 1696 1493 cum
1710 1451 1830 1495 trecento·

1046 1554 1099 1588 rurn
1112 1540 1253 1589 talentorum
1265 1537 1329 1585 dote.
1361 1539 1407 1587 Sed
1425 1537 1501 1599 regale
1518 1537 1697 1585 matrimonium
1713 1538 1830 1586 Plreruras

1046 1634 1139 1683 arrettlae
1158 1645 1238 1683 arnone
1255 1637 1340 1694 captus
1361 1631 1502 1691 relugiebut.
1534 1634 1612 1687 Quam
1629 1630 1660 1678 ob
1683 1644 1737 1680 rem
1758 1632 1830 1679 iratus

1048 1722 1154 1771 Herodes
1173 1723 1245 1773 lutam
1264 1729 1365 1785 nuptum
1386 1722 1454 1771 dedit
1469 1723 1547 1770 [ratris
1566 1722 1627 1781 lilio,
1651 1721 1694 1782 qui
1715 1724 1829 1781 posteaa

1048 1819 1141 1867 l‘ortlris
1156 1819 1249 1867 occisus
1259 1825 1330 1867 erat:
1348 1832 1396 1867 non
1414 1818 1490 1865 multo
1505 1824 1585 1866 atatem
1601 1822 1655 1879 post
1678 1814 1829 1865 iracundum

1047 1915 1071 1963 iu
1088 1916 1212 1965 Plreroraur
1223 1916 1335 1977 remittit,
1347 1916 1402 1964 deta
1419 1916 1505 1963 morbo
1513 1916 1567 1976 ejus
1577 1914 1655 1963 uenia.

1078 2011 1101 2052 u.
1119 2005 1183 2060 Quin
1201 2008 1226 2052 et
1236 2004 1330 2053 crimini
1343 2004 1365 2053 ei
1378 2004 1429 2065 jem
1443 2002 1500 2052 olim
1517 2002 1654 2051 vertebatur
1667 2001 1751 2063 quod,
1771 2000 1835 2074 dum

1048 2091 1138 2139 vireret
1149 2092 1243 2152 regina,
1256 2092 1435 2141 noluisseteum
1444 2104 1537 2139 veneno
1549 2090 1640 2139 mitem
1672 2092 1827 2140 Tuucautenr

1048 2178 1137 2227 ludices
1149 2178 1244 2240 plurimi
1255 2192 1305 2227 rem
1313 2178 1344 2227 ad
1356 2192 1413 2228 eum
1421 2178 1566 2237 detulerunt,
1575 2183 1602 2225 ut
1611 2214 1618 2238 ,
1626 2180 1740 2239 quamuis
1752 2176 1828 2226 iratris

1047 2266 1225 2315 amantissimus
1243 2271 1307 2315 esset
1318 2266 1440 2327 Herodes,
1460 2266 1567 2316 crederet
1578 2266 1606 2314 iis
1622 2279 1678 2327 ane
1692 2266 1827 2316 dicerentur

1047 2358 1071 2401 et
1083 2357 1208 2403 metueret.
1242 2357 1370 2416 Quomque
1388 2354 1419 2403 de
1438 2354 1531 2413 multis,
1555 2354 1596 2403 oni
1614 2358 1723 2415 suspecti
1745 2358 1824 2412 erent,

1047 2441 1205 2501 quaestionem
1221 2440 1358 2501 habuisset,
1375 2445 1496 2501 postremo
1511 2441 1540 2489 ad
1552 2440 1663 2489 Plrerorre
1674 2442 1766 2490 amicos
1786 2454 1824 2490 uc·
1897 2423 1899 2428 ,

1048 2528 1128 2575 olebat
1141 2541 1261 2588 :quorum
1274 2541 1345 2576 nemo
1355 2528 1385 2577 de
1397 2527 1489 2578 insidiis
1499 2534 1581 2591 aperte
1601 2529 1691 2591 aliquid
1705 2528 1825 2578 confessus

1048 2621 1098 2673 est,
1109 2614 1151 2663 sed
1164 2615 1228 2675 quod
1239 2628 1267 2663 ea
1278 2628 1350 2675 quam
1361 2614 1461 2676 deperiit
1472 2618 1581 2677 correpta
1589 2616 1612 2663 iu
1623 2616 1725 2664 t‘artbos
1737 2629 1763 2664 se
1774 2614 1825 2676 luga

1049 2701 1152 2761 recipere
1162 2708 1280 2762 parasset,
1290 2701 1403 2764 quodque
1418 2703 1489 2764 hujus
1497 2703 1589 2752 consilii
1604 2707 1628 2751 et
1640 2704 1704 2764 ingre
1716 2704 1823 2753 conscius

1049 2788 1131 2837 luisset
1143 2788 1288 2838 Custobarns
1302 2790 1408 2839 salomes
1418 2792 1530 2850 maritus,
1544 2791 1583 2839 cui
1595 2791 1656 2839 lrnuc
1666 2791 1692 2840 in
1706 2791 1824 2839 matrimo-

1048 2875 1113 2923 nium
1125 2876 1280 2924 collucnrerat
1289 2890 1344 2937 ren,
1356 2878 1434 2939 priene
1454 2879 1539 2927 marito
1551 2878 1660 2928 adulterii
1682 2892 1756 2928 carisa
1774 2891 1822 2939 per·

1048 2965 1134 3023 erupto.
1166 2961 1211 3010 sed
1223 2962 1405 3011 necSalomeub
1428 2964 1494 3011 omni
1511 2963 1675 3013 criminatione
1688 2966 1824 3014 liberacrat.

1048 3052 1155 3112 Namque
1164 3062 1217 3097 enm
1230 3050 1423 3099 Pluerornslrater
1431 3052 1566 3109 accusabat,
1575 3051 1640 3113 quod
1651 3054 1749 3114 nuptias
1761 3059 1824 3113 pacta

1048 3132 1112 3177 esset
1131 3143 1187 3177 cum
1210 3129 1313 3190 Syllano,
1336 3130 1427 3179 Obodae
1450 3131 1512 3191 regis
1531 3132 1637 3180 Arabum
1659 3136 1823 3193 procuratore,

1048 3228 1120 3277 quem
1134 3216 1324 3266 inimicissimum
1337 3217 1440 3265 ilabebat
1451 3218 1565 3266 llerodes.
1578 3223 1658 3277 erum
1667 3226 1750 3269 nartem
1762 3224 1785 3268 et
1797 3230 1823 3266 ea

1048 3308 1079 3358 de
1088 3322 1114 3358 re
1131 3307 1369 3359 etceterisomuibus
1383 3320 1438 3370 quae
1455 3308 1570 3357 Plrerorae
1583 3309 1604 3357 ei
1623 3309 1756 3370 objecerat,
1769 3322 1823 3358 cun·

1049 3401 1111 3450 ricta
1124 3407 1201 3460 esset,
1216 3401 1238 3448 ei
1254 3399 1402 3461 ignoscitur:
1421 3403 1497 3461 atque
1514 3400 1592 3463 ipsum
1608 3401 1680 3451 eliam
1700 3402 1822 3451 Plremrarn

1047 3492 1079 3542 de
1089 3491 1229 3542 criminibus
1239 3492 1343 3541 abeolrii
1352 3506 1402 3542 rex.
1432 3528 1438 3537 .

1079 3584 1103 3630 7.
1120 3584 1212 3631 Dumm
1231 3592 1289 3629 vero
1306 3583 1436 3641 tempestas
1456 3580 1481 3628 iu
1494 3580 1655 3630 Alexandrum
1674 3580 1754 3630 delata
1772 3579 1821 3636 est,
1896 3611 1899 3624 .

1049 3675 1146 3734 totaque
1157 3672 1228 3733 capiti
1239 3672 1291 3732 ejus
1302 3671 1418 3720 incubuit.
1451 3674 1511 3719 Trea
1523 3676 1591 3720 erant
1599 3670 1719 3734 spadones
1727 3670 1774 3732 regi
1784 3680 1820 3715 αι·

1049 3763 1151 3820 nissimi,
1172 3763 1244 3825 ldque
1263 3764 1355 3811 clarum
1373 3776 1403 3811 ex
1424 3775 1508 3811 eorum
1529 3762 1666 3811 ministeriis
1684 3775 1692 3811 ε
1711 3774 1766 3811 nam
1783 3755 1821 3807 uui

1049 3854 1145 3916 quidem
1161 3854 1299 3902 mandatum
1316 3858 1367 3919 erat
1378 3854 1460 3901 vinum
1477 3855 1499 3904 ei
1513 3854 1661 3911 ministrare,
1678 3853 1747 3903 atteri
1766 3861 1820 3898 reru

1048 3956 1140 3993 omnam
1152 3958 1284 4008 apponere,
1303 3945 1387 3993 tertius
1401 3948 1482 3993 autem
1493 3956 1548 3992 eum
1566 3944 1674 4007 sopiebat
1688 3951 1714 3994 et
1730 3954 1784 3991 cum
1793 3950 1820 3987 eo

1049 4036 1228 4085 concumbebat.
1261 4038 1323 4085 latos
1340 4035 1431 4095 mugnis
1446 4034 1585 4083 muneribus
1602 4036 1706 4084 amasim
1717 4034 1761 4082 sibi
1772 4028 1818 4079 lieri

1049 4126 1146 4188 pellexit
1155 4124 1293 4175 Alexander.
1326 4128 1407 4181 Quum
1420 4124 1555 4185 autemregi
1565 4123 1611 4172 lioc
1622 4124 1751 4173 iudicatum
1761 4122 1819 4170 esset

1049 4208 1181 4279 questione
1192 4214 1273 4263 imbita
1284 4214 1386 4263 mirricti
1397 4219 1454 4262 suut
1469 4228 1476 4262 :
1489 4218 1514 4263 et
1522 4227 1549 4262 se
1560 4227 1615 4263 cunr
1628 4228 1657 4263 eo
1670 4209 1818 4264 consuetudi·
1897 4207 1898 4210 ’

1049 4320 1103 4356 nem
1122 4305 1297 4355 traberesletlm
1311 4303 1495 4365 confitebantur,
1514 4308 1539 4355 et
1556 4305 1683 4368 quibusad
1702 4318 1754 4356 earo
1773 4313 1818 4349 reur

1049 4396 1139 4446 inducti
1159 4401 1239 4445 essem
1257 4396 1381 4459 promissis
1403 4396 1552 4459 aperiebant,
1573 4411 1621 4459 quo
1645 4398 1717 4446 modo
1732 4391 1817 4454 (λοιποῦ

1048 4494 1128 4538 essent
1138 4489 1168 4536 ab
1178 4487 1318 4547 Alexandro,
1329 4487 1422 4536 dicente
1431 4486 1495 4549 qood
1502 4488 1527 4535 in
1534 4486 1627 4536 llerodc
1634 4500 1701 4550 spem
1711 4495 1818 4548 reponere

1049 4593 1097 4628 noo
1118 4582 1253 4641 oporteret,
1263 4592 1319 4629 cene
1337 4577 1474 4641 impudente
1490 4578 1579 4641 quique
1590 4578 1689 4641 capillos
1705 4578 1816 4637 tingeret,
1897 4573 1898 4578 ’

1048 4669 1094 4718 nisi
1109 4670 1153 4718 bac
1170 4670 1200 4718 dc
1213 4683 1285 4719 causa
1301 4670 1381 4731 ipsum
1392 4671 1464 4719 etiam
1477 4683 1519 4731 pro
1531 4671 1620 4729 iuvene
1637 4669 1761 4728 traherem
1770 4662 1817 4723 8ίῦ*

1048 4773 1105 4808 rero
1116 4766 1194 4821 partes
1202 4762 1287 4824 sequi,
1297 4761 1338 4823 qui
1352 4765 1376 4809 et
1384 4760 1460 4809 inrito
1469 4759 1509 4808 illo
1518 4773 1616 4821 reginum
1623 4759 1751 4822 adepturus
1759 4755 1817 4804 σοιτί

1048 4854 1073 4899 et
1082 4851 1148 4900 breui
1158 4852 1254 4913 quidem
1264 4854 1294 4902 ab
1303 4853 1406 4901 inimicis
1415 4866 1496 4914 peenas
1508 4852 1661 4913 repetiturus,
1670 4852 1817 4901 amiccsrew

1047 4940 1127 4991 leliccs
1134 4942 1237 4991 tacturos
1245 4944 1382 5006 beatosque,
1390 4958 1420 4993 ac
1426 4958 1475 5006 prue
1482 4945 1570 4995 ceteris
1580 4945 1645 5007 ipsos
1653 4960 1660 4992 ι
1667 4947 1723 5009 quin
1732 4934 1815 4999 atoptl·

1048 5042 1124 5087 males
1141 5039 1203 5087 clam
1223 5036 1382 5085 Alexandrum
1403 5038 1480 5085 colere
1503 5040 1527 5085 et
1542 5027 1683 5097 observare,
1701 5035 1815 5092 ducesque

1049 5129 1168 5179 exercituo
1176 5130 1201 5177 et
1211 5128 1322 5176 ordinum
1329 5112 1441 5177 ductores
1451 5128 1546 5177 occulte
1558 5142 1614 5178 eom
1623 5129 1756 5177 conuenire.

1084 5225 1107 5271 ιι.
1126 5224 1176 5271 late
1185 5222 1303 5272 llerodeur
1309 5222 1368 5272 adeo
1377 5225 1565 5285 perterruerunt,
1573 5228 1600 5272 'ot
1611 5237 1658 5273 non
1666 5221 1761 5281 eudemi
1771 5220 1813 5264 stc·
