3825 6059
97 428 238 506 ιωωι

95 557 127 613 τά
141 557 210 615 κατὰ
225 562 273 628 τὴν
292 557 480 639 Ἀλεξάνδρειαν
495 561 594 643 διῴκει·
615 564 658 623 τὸν
673 566 700 623 δὲ
715 567 767 625 υίδν
789 570 867 627 Τίτον

95 642 168 718 μετά
182 650 227 714 τῆς
246 644 363 725 ἐκκρίτου
384 646 515 723 δυνάμεως
536 648 687 709 ἀπέστειλεν
701 652 867 732 ἐξαιρήσοντα

94 730 126 788 τά
143 730 323 812 Ἱεροσόλυμα.
365 732 397 791 Ὁ
417 734 445 791 δὲ
461 736 591 813 προελθὼν
606 742 671 817 πεζῇ
693 741 770 819 μέχρι
789 745 867 802 Νικο·

92 816 194 883 πόλεως
211 816 308 897 (εἴκοσι
323 817 350 876 δέ
364 818 430 889 αύτη
447 818 526 900 διίχει
544 826 589 892 τῆς
601 824 789 905 Ἀλεξανδρείας
805 852 867 886 στα·

69 932 81 968 ς
94 902 185 976 δίους),
195 907 312 962 κάκεῖθεν
324 888 449 974 ἐπιύήσας
459 906 505 977 τὴν
518 910 640 987 στρατιάν
655 917 761 991 μακρῶν
770 915 866 973 πλοίων

94 993 204 1048 άναπλεί
221 990 263 1049 διὰ
287 997 332 1049 τοῦ
354 994 447 1052 Νειλου
471 994 539 1053 κατά
558 997 601 1053 τὸν
623 999 767 1067 Μενδήσιον
790 1002 866 1076 νομὸν

93 1078 172 1155 μέχρι
189 1079 289 1146 πόλεως
303 1079 435 1155 Θμούεως.
477 1081 592 1143 Ἐκεῖθεν
612 1083 639 1141 δέ
655 1086 755 1153 arodi<
770 1088 866 1167 ὁδεύει,

93 1166 135 1220 καί
151 1164 222 1222 κατά
235 1165 361 1245 πολίχνην
381 1167 439 1226 τινίι
460 1170 543 1227 Τάνιν
566 1171 704 1240 αύλίζεται.
744 1175 867 1255 Δεύτερος

93 1253 163 1330 αὐτῷ
174 1252 290 1329 σταθμδς
301 1252 459 1331 Ἡρακλέους
470 1255 558 1328 πόλις,
567 1256 611 1314 καὶ
623 1258 707 1335 τρίτος
720 1262 867 1331 Πηλούσιον

58 1362 81 1397 ru
92 1337 201 1411 γίνεται.
242 1339 307 1399 Δυσὶ
317 1340 344 1398 δὲ
360 1339 470 1420 ἡμέραις
484 1344 592 1401 ἐνταῦθα
610 1344 656 1417 ’τὴν
671 1348 794 1425 στρατιάν
805 1351 867 1407 άνα·

92 1425 195 1497 λαθὼν,
207 1431 241 1504 τῇ
255 1426 329 1506 τρίτῃ
344 1426 446 1494 διέξεισι
459 1428 504 1495 ed<
520 1430 632 1504 ἐμθολδις
641 1439 685 1491 τοῦ
702 1436 865 1506 Πηλουσίου,

90 1511 133 1567 καὶ
147 1511 282 1589 προελθὼν
296 1514 409 1590 σταθμὸν
429 1514 474 1573 ἕνα
494 1516 536 1573 διδ
555 1523 600 1588 τῆς
620 1519 732 1599 ἐρήμου,
747 1522 810 1603 πρὸς
828 1527 866 1601 τῷ

91 1604 131 1655 τού
146 1599 251 1657 Κασίου
263 1601 321 1667 Διὸς
332 1604 393 1681 ἱερῷ
403 1604 646 1683 στρατοπεδεύεται,
661 1608 731 1686 τῇδὲ
743 1610 866 1691 ὑστεραίᾳ

89 1684 156 1742 κατὰ
172 1685 220 1758 τὴν
237 1687 420 1767 Ὀστρακίνην.
453 1680 559 1758 θύτοςθ
573 1693 684 1769 σταθμὸς
698 1686 729 1767 ἦν
744 1696 863 1775 ἄνυδρος·

59 1792 79 1829 ts
92 1774 255 1842 ἐπεισάκτοις
277 1776 304 1834 δὲ
321 1776 411 1836 ύδασιν
433 1782 456 1837 oi
476 1779 609 1859 ἐπιχώριοι
624 1785 748 1861 χρῶνται.
790 1784 865 1843 Μετὰ

89 1866 170 1918 ταῦτα
195 1863 261 1942 πρὸς
274 1863 475 1945 Ῥινοκορούροις
498 1866 676 1947 ἀναπαύεται,
691 1872 807 1928 κάκεῖθεν
829 1874 865 1937 είς

88 1948 216 2029 Ῥάρειαν
229 1953 360 2031 προελθὼν
373 1952 488 2031 σταθμὸν
501 1954 622 2032 τέταρτον
642 1954 705 2029 (ἐστι
719 1956 746 2015 δέ
760 1962 776 2028 ἡ
791 1959 865 2026 πόλις

90 2036 152 2107 αύτη
166 2038 266 2117 Συρίας
278 2040 374 2119 ἀρχή),
386 2041 415 2098 ri
426 2039 546 2118 πέμπτον
558 2044 584 2099 ίν
594 2042 665 2121 Γάζῃ
678 2043 773 2102 τίθεται
786 2070 863 2118 στρα-

90 2123 208 2199 τόπεδον,
236 2126 293 2201 μεθ’
312 2128 343 2198 ἣν
366 2131 401 2193 είς
427 2128 592 2202 Ἀσκάλωνα,
615 2133 731 2189 κάκεῖθεν
755 2135 791 2199 είς
810 2132 864 2193 Ἰά-

56 2234 79 2273 γη
90 2234 187 2285 μνειαν,
201 2212 292 2271 ἔπειτα
306 2217 340 2280 είς
352 2214 454 2289 Ἰόπην,
465 2214 510 2273 καί
522 2214 548 2283 ἐξ
559 2215 645 2288 Ἰόπης
656 2219 690 2283 είς
703 2219 862 2297 Καισάρειαν

89 2300 246 2376 ἀρικνεῖται,
271 2300 412 2377 διεγνωκὼς
443 2300 531 2360 αὐτόθι
556 2300 602 2369 τάς
630 2304 709 2369 dtis<
745 2305 864 2382 δυνάμεις

89 2386 225 2462 ἀθροίζειν.

406 2504 558 2529 '⁴000’-

376 2610 504 2671 ΛΟΓΟΣ
526 2610 567 2671 E'.

87 2744 114 2793 α’.
125 2747 209 2801 Ὅπως
217 2751 285 2809 τριχῇ
299 2746 405 2809 ἐμερίσθη
414 2752 429 2805 ἠ
438 2748 499 2795 κατὰ
509 2748 675 2811 Ἱεροσολύμων
686 2749 774 2805 στάσις.

88 2816 117 2876 β’.
134 2816 294 2879 Σχετλιααμθς
307 2821 348 2865 τού
358 2818 507 2880 συγγραφέως
516 2818 555 2865 ἐπὶ
570 2824 620 2874 ταῖς
631 2823 670 2876 τῆς
678 2819 767 2875 πόλεως
776 2836 861 2883 συμρο·

86 2902 182 3013 γῖραύτι
197 2959 246 3003 τῶν
257 2960 406 3004 στασιαστῶν
417 2956 512 3013 ἐαυττύς
527 2956 687 3019 πολεμούντων
701 2960 784 3007 πολλαὶ
795 2976 860 3009 κατε-

115 3027 253 3087 πράμθησαν
258 3025 331 3072 οἰκίαι
346 3028 427 3085 μεσταί
437 3027 511 3075 σίτου.

84 3093 108 3140 εἴ,
124 3096 177 3142 Ὀτι
190 3095 231 3141 διὰ
249 3100 290 3150 τῆς
307 3095 358 3141 καθ’
370 3097 456 3157 ἡμέραν
466 3097 588 3155 γενομένης
600 3096 623 3144 ἐν
637 3097 805 3159 Ἱεροσολύμοις
820 3098 861 3159 μά-

114 3180 155 3225 χης
166 3164 223 3213 οὐδὲ
234 3165 322 3247 θρηνεῖν
342 3164 444 3225 ἐτόλμων
455 3167 477 3213 ai
488 3170 535 3212 τῶν
553 3165 762 3228 ἀποτραπομένων
784 3184 863 3229 συγγιι

8 3295 9 3358 t
84 3233 331 3359 ινίλρτιξςξίωάίνληως,
346 3302 394 3350 άπὸ
410 3307 456 3350 τῶν
474 3305 535 3364 ἱεροῦ
547 3304 619 3358 ξύλων
629 3304 728 3367 πύργους
745 3306 806 3354 κατὰ
816 3312 862 3355 τῶν

8 3375 9 3378 ’
114 3374 316 3422 αντιστασιαστῶν
324 3372 511 3431 κατασκευάζων,
520 3373 752 3437 ἐκωλύθηῬωμαίων
760 3377 862 3424 ἐπελθόν·

84 3462 212 3567 fitium:
221 3512 289 3567 Τίτος
302 3512 507 3574 παρεσκευάσατο,
519 3513 559 3559 καί
576 3515 625 3573 μεθ’
641 3515 691 3571 σίας
702 3515 787 3573 τάξεως
796 3518 861 3579 ἐπῄει

8 3641 9 3646 ¹
112 3589 157 3639 τοῖς
164 3584 344 3645 Ἰεροσολύμοις.

8 3687 9 3724 η
83 3652 107 3707 ξ’.
124 3655 252 3717 ῙΙροσύολὴ
264 3654 334 3701 Τίτου
348 3652 398 3713 μεθ’
411 3651 538 3707 ἑξακοσίων
553 3654 615 3701 κατὰ
628 3660 674 3702 τῶν
690 3656 861 3718 Ἰεροσολύμων

112 3728 151 3772 καὶ
169 3725 238 3779 ὅπως
254 3723 398 3785 ἠρίστευσεν,
410 3722 572 3777 ἐπεξελθόντων
586 3724 639 3771 κατ’
658 3726 728 3773 edroi
745 3733 791 3775 τῶν
807 3728 870 3776 'iou--

112 3794 195 3842 δαίων.

83 3862 111 3920 η’.
122 3865 207 3918 Ὅπως
218 3862 291 3910 ἐλθὼν
306 3863 338 3918 είς
350 3862 390 3911 τὸν
401 3862 523 3923 λεγόμενον
542 3864 642 3921 Σκοπὸν,
656 3864 731 3912 ἐκεῖσε
742 3866 772 3913 τά
779 3871 820 3914 τού
829 3868 861 3915 ol·

112 3934 176 3981 αείου
185 3936 290 3994 στρατοῦ
299 3932 454 3993 ἐγκατέστησε
462 3932 578 3993 τάγματα.

84 4002 107 4049 θ’.
122 4004 206 4058 Ὅκως
217 4002 326 4051 Ἰουδαῖοι
337 4002 473 4064 θεασάμεντι
485 4004 526 4059 τὴν
533 4002 584 4049 κατ’
596 4002 671 4050 αὐτῶν
681 4008 728 4051 τῶν
739 4004 861 4067 Ῥωμαίων

113 4075 203 4135 ίροὸον,
226 4073 387 4129 στασιάζοντες
407 4074 431 4120 ἐν
446 4076 543 4131 ἑαυτοῖς,
562 4074 642 4135 μικρὸν
662 4076 803 4137 ιίρήνευσαν,
821 4081 861 4140 καί

112 4143 232 4203 αίρνιδίως
242 4142 365 4197 ἐξελθόντες
372 4144 399 4191 τύ
409 4143 504 4191 δέκατον
515 4144 611 4204 ἔτρεψαν
622 4142 707 4203 τάγμα.

8 4203 9 4262 ί
83 4212 104 4261 ι’.
114 4215 197 4270 Ὀπως
209 4212 288 4271 Ῑίτος,
301 4214 370 4275 μέσος
379 4214 520 4274 άπολειρθείς
530 4219 577 4261 τῶν
585 4213 710 4275 πολεμίων,
719 4214 859 4278 λρίστευσεν

111 4286 150 4331 καὶ
161 4286 195 4335 ὼς
205 4284 228 4330 oi
239 4281 300 4343 ρίλοι
309 4288 395 4343 τοῦτον,
401 4284 531 4345 παρῄνεσαν
541 4284 572 4343 μὴ
582 4283 770 4345 προκινδυνεύειν.

83 4353 122 4400 ια’.
132 4355 175 4409 Ὦς
186 4352 296 4409 Ἰωάννης
305 4352 416 4416 ἐκράτησε
424 4360 470 4401 τῶν
478 4355 660 4426 (morsiunculis
670 4356 772 4419 τριμερής
782 4356 860 4412 στάσις

111 4423 180 4471 πάλιν
191 4422 290 4483 θιμερὴς
299 4424 401 4482 γέγονεν,

80 4492 117 4538 ιδ’.
133 4494 189 4554 Περὶ
203 4496 253 4539 τῶν
270 4492 316 4539 iro
333 4491 403 4540 Τίτου
420 4492 612 4551 ἐξομαλισθέντων
624 4493 662 4541 διὰ
677 4494 718 4549 τὴν
727 4494 860 4553 πολιορκίαν

113 4562 199 4609 τόπων·
216 4561 281 4616 θπως
297 4566 381 4608 τετῶν
398 4562 521 4623 Ῥωμαίων
539 4562 661 4624 ἐξένὲδρας
678 4567 724 4609 τῶν
737 4562 858 4611 Ἰουδαίων

109 4632 272 4689 πταισάντων,
282 4632 424 4689 θυσωπηθείς
436 4634 450 4680 ά
460 4636 551 4694 Καῖσαρ
559 4633 707 4694 συνεχώρησε
712 4633 808 4687 τούτοις·
819 4641 858 4680 και

111 4702 175 4756 ὅπως
187 4701 333 4756 ἐξισωθέντος
343 4705 385 4749 τού
396 4703 462 4765 μέχρι
473 4707 519 4750 τῶν
530 4708 613 4763 τειχῶν
624 4700 706 4759 τόπου,
717 4701 811 4761 ἐγγιστα
820 4708 859 4759 τῆς

111 4772 202 4825 πόλεως
214 4770 428 4831 στρατοπεδεύεται.

82 4839 117 4899 ιγ’,
130 4841 254 4902 Διαγραρὴ
264 4844 306 4887 τοῦ
314 4839 405 4903 τείχους
415 4846 462 4889 τῶν
471 4840 644 4902 Ἰεροσολύμων.

81 4910 117 4956 ιδ’.
128 4911 259 4970 Ἕκρρασις
270 4913 312 4956 τοῦ
324 4912 394 4971 ἱεροῦ.

83 4980 117 5027 ιε’.
128 4981 189 5040 Περὶ
200 4983 247 5028 τῶν
258 4979 346 5041 ἱερέων,
355 4980 395 5027 καί
406 4984 453 5029 τῶν
462 4978 593 5041 ἐνδυμάτων
602 4978 678 5026 αὐτῶν
686 4992 711 5024 τε
720 4980 759 5023 καὶ
769 4980 810 5023 τοῦ
822 4974 858 5037 dp·

83 5064 206 5180 ιῖύιίλειριλς
218 5116 321 5178 Σίμωνος
332 5119 372 5165 καί
382 5118 489 5166 Ἰωάννου
507 5122 553 5164 τῶν
569 5114 691 5177 τυράννων,
708 5114 748 5160 καί
761 5119 807 5161 τῶν
818 5114 858 5160 ὑπ’

113 5187 196 5242 αύτούς
206 5186 335 5248 ἡγεμόνων,

657 432 707 496 iii.
727 438 847 499 usito
867 440 948 503 JUD.
972 444 1042 503 LlB.
1065 446 1100 503 V.
1149 476 1150 481 1

910 582 1071 642 ‘componebat
1089 596 1094 629 :
1114 582 1188 631 ilium
1203 598 1258 633 roro
1269 588 1364 649 Titum,
1378 592 1405 638 ul
1427 592 1588 657 Hierosolyma
1608 610 1678 660 espu-

912 688 1010 743 guatum
1024 685 1082 745 iret,
1093 698 1147 735 cum
1161 687 1257 739 deiectis
1268 692 1342 753 copiis
1360 692 1459 745 dimisit.
1492 702 1568 761 niquis
1586 700 1626 750 ilie
1643 716 1681 762 ne·

911 788 983 837 dibus
995 803 1070 852 usquc
1082 790 1111 839 ad
1125 794 1255 855 Nicopolim
1275 797 1393 858 proiectus
1412 801 1454 863 (est
1464 806 1544 851 autern
1554 804 1592 852 itia
1601 806 1681 867 viginti

912 894 996 943 stadiis
1008 896 1038 945 alr
1048 897 1186 947 Alexandria
1197 900 1298 965 dissita),
1310 904 1410 967 indeque
1421 907 1494 957 milite
1503 909 1683 971 lougisnsviiros

911 988 1034 1051 imposito,
1051 992 1209 1045 uitotluruine
1228 996 1296 1057 juxta
1318 1001 1463 1051 Mendesium
1484 1008 1586 1053 tractum
1608 1020 1683 1069 usque

910 1092 1022 1141 Ttrmuim
1036 1096 1148 1157 oppidum
1162 1100 1306 1159 perrelrilur.
1325 1102 1382 1151 lude
1393 1117 1464 1166 roro,
1476 1120 1550 1167 quum
1561 1110 1680 1157 interram

910 1207 1017 1256 εςτεισιισ
1024 1200 1095 1256 esset,
1104 1199 1202 1261 pedibus
1212 1203 1255 1251 iter
1263 1205 1325 1265 iacit,
1333 1208 1357 1254 ei
1366 1207 1428 1268 aprrd
1439 1208 1553 1270 oppidum
1563 1210 1681 1271 quoddam

911 1292 985 1339 Tanin
996 1296 1125 1355 pernoctat.
1143 1296 1251 1346 Secunda
1262 1300 1283 1348 ei
1298 1302 1387 1351 ruausio
1399 1302 1443 1351 luit
1459 1305 1647 1366 ileracicoooiis‚
1658 1311 1682 1353 et

912 1395 1031 1443 Pelusium
1042 1398 1118 1446 tertia.
1132 1399 1177 1448 itio
1185 1402 1263 1449 arriem
1276 1402 1349 1450 milite
1360 1417 1400 1481 per
1410 1404 1506 1453 biduum
1517 1412 1628 1467 recreato¹
1636 1413 1682 1457 ter·

910 1497 943 1546 tlo
952 1498 990 1548 die
1000 1500 1085 1549 ostium
1099 1503 1184 1553 Pelusii
1197 1506 1335 1566 pertransit3
1347 1520 1468 1570 qurrruque
1478 1522 1519 1572 uer
1529 1510 1679 1562 solitudinem

911 1593 982 1641 unius
991 1594 1037 1643 diei
1045 1598 1200 1659 iterieeissct‚
1208 1600 1381 1651 adJoriscusii
1390 1605 1502 1665 tempium
1510 1609 1587 1655 castra
1598 1608 1680 1669 pariit,

910 1702 1051 1761 posteroque
1058 1700 1096 1751 die
1104 1702 1171 1763 iuxta
1181 1706 1325 1756 ostracinen.
1332 1710 1389 1757 iiaee
1397 1710 1486 1758 mansio
1493 1710 1605 1775 inaquosa
1615 1718 1665 1761 erat
1675 1729 1680 1759 :

909 1804 978 1863 aquis
996 1810 1075 1855 autem
1093 1806 1190 1857 aliunde
1207 1808 1313 1859 adrectis
1325 1814 1425 1860 utuntur
1436 1812 1559 1875 indigene.
1592 1815 1681 1865 Deinde

909 1907 972 1967 apud
991 1908 1151 1959 itiriuooorurs
1171 1912 1313 1974 requiescit;
1333 1914 1404 1976 atque
1420 1914 1484 1964 illinc
1498 1917 1612 1979 liaptriam
1630 1930 1682 1980 pro·

908 2024 1017 2073 ατεειιισ,
1030 2014 1176 2063 mansionem
1188 2020 1296 2077 quartam
1313 2018 1364 2079 (est
1378 2025 1457 2069 autem
1472 2021 1529 2069 urbs
1544 2021 1587 2069 iiia
1604 2022 1680 2085 prima

909 2117 1012 2178 suune),
1024 2122 1101 2166 castra
1111 2118 1193 2180 quinia
1203 2120 1273 2169 Germ
1283 2121 1362 2183 ponit;
1373 2124 1398 2170 et
1407 2127 1487 2184 postea
1496 2123 1520 2173 in
1531 2126 1681 2183 Ascalonem,

909 2215 979 2273 atque
991 2212 1046 2260 irinc
1056 2214 1186 2273 lumniam,
1197 2214 1281 2263 deinde
1291 2218 1382 2278 iopen,
1397 2221 1421 2266 et
1433 2232 1461 2266 ex
1471 2221 1532 2281 June
1549 2223 1680 2271 cesaream

909 2309 1031 2368 peremit,
1047 2312 1119 2371 arque
1135 2310 1182 2358 iilic
1194 2316 1284 2359 ceteras
1303 2309 1417 2373 oopias'iu
1431 2326 1505 2361 unum
1517 2315 1626 2376 colligere
1642 2314 1681 2364 ale·

909 2403 991 2451 crevit.

1218 2508 1360 2533 -Οοκυ
1368 2519 1376 2523 -

1203 2615 1313 2675 Ltsssu
1336 2616 1370 2674 V.

910 2752 927 2789 t.
942 2746 1064 2801 Quomodo
1072 2747 1152 2793 seditio
1162 2750 1366 2805 Hierosolymttann
1378 2749 1488 2795 trifariam
1500 2750 1573 2797 divisa
1585 2754 1641 2795 erat.

908 2818 928 2856 α.
943 2814 1264 2873 ilistortcitnmentntiosuper
1276 2817 1338 2861 urbis
1347 2818 1522 2863 calamitatibus.

907 2968 928 3009 3.
942 2968 1001 3011 Dorn
1011 2967 1612 3023 intersedigiadianiursedtlioslrnuitaeineenduninr
1620 2971 1679 3015 eries

934 3033 1042 3079 immenti
1053 3036 1133 3090 plenae.

907 3103 1112 3155 amaricantium
1130 3106 1256 3158 pugnatum
1275 3106 1309 3148 est
1330 3106 1504 3160 Hierosolymis.
1518 3118 1547 3151 ne
1563 3108 1680 3151 lamentari

933 3169 1026 3225 uuitlem
1035 3170 1150 3215 audebant
1160 3182 1270 3215 morum
1278 3174 1368 3227 mguutt
1378 3175 1497 3229 amicique.

907 3309 927 3346 a.
942 3302 1064 3359 Quorsum
1075 3304 1184 3357 insuram,
1194 3314 1221 3349 ex
1232 3304 1299 3359 lignis
1309 3305 1332 3349 in
1345 3308 1422 3361 temnit
1434 3317 1501 3351 usum
1513 3308 1596 3361 paratis
1606 3310 1679 3352 turres

929 3382 1051 3418 exstruens
1058 3376 1136 3418 eontra
1144 3373 1243 3418 aduersae
1251 3376 1321 3430 nanis
1331 3375 1441 3427 factiosos.
1448 3376 1569 3433 impeditus
1578 3380 1626 3421 erat
1636 3379 1679 3423 ilo·

932 3452 1052 3487 manorum
1067 3442 1172 3486 aduentu.

906 3517 926 3553 t.
942 3514 1025 3557 DeTttl
1036 3516 1153 3568 apparatu,
1161 3514 1184 3557 ei
1195 3522 1241 3567 uuo
1249 3512 1329 3557 ordine
1338 3514 1420 3557 milites
1430 3514 1541 3569 disposui!
1552 3514 1679 3569 iilerosoty·

932 3583 1105 3625 moinrssurus.

906 3654 927 3694 7.
939 3652 1003 3696 Titus
1012 3662 1064 3696 oum
1074 3652 1184 3695 sexcentis
1195 3651 1365 3707 impressionem
1376 3650 1429 3695 iacit
1441 3652 1464 3695 tn
1475 3652 1631 3707 Hierosolyma
1642 3656 1680 3696 :et

932 3721 1055 3776 quomodo,
1063 3721 1146 3767 iudaeis
1157 3721 1180 3765 in
1190 3733 1242 3765 eum
1258 3721 1404 3772 irruentibus,
1416 3721 1534 3765 tortiteree
1543 3723 1619 3777 gessit.

905 3873 925 3910 s
941 3864 1073 3921 Quomodo,
1083 3876 1154 3920 quum
1164 3864 1192 3910 ad
1201 3866 1275 3910 iocum
1288 3866 1383 3909 venisset
1393 3866 1433 3921 qul
1446 3866 1532 3922 scopus
1546 3866 1636 3919 dicitur,
1647 3864 1679 3911 tbi

931 3938 1043 3981 excercitus
1053 3936 1087 3979 sui
1098 3936 1187 3990 agmina
1195 3936 1323 3979 otritocurlt.

905 4007 928 4045 o.
945 4002 1067 4059 Quomodo
1076 4001 1678 4057 iudaeiouumuidisseniflonranoscontrarevenire,

932 4074 981 4116 iicet
992 4074 1050 4116 iuter
1059 4086 1082 4116 se
1091 4072 1247 4123 disserentem,
1256 4072 1281 4115 in
1292 4072 1358 4116 irrere
1366 4076 1454 4127 temnus
1464 4082 1541 4125 nucem
1551 4073 1641 4125 colunt.
1654 4076 1676 4116 et

931 4140 1007 4184 sutritu
1018 4140 1075 4183 lucia
1086 4141 1205 4193 eruplione
1215 4140 1325 4183 decimum
1335 4140 1444 4195 legionem
1453 4140 1476 4183 in
1489 4139 1565 4195 iugum
1578 4142 1677 4184 vertunt.

908 4216 939 4253 io.
953 4208 1074 4264 Quomodo
1091 4209 1164 4259 Tilus.
1181 4210 1204 4251 tu
1223 4208 1297 4261 medio
1313 4208 1412 4252 trostium
1429 4210 1532 4259 relictus,
1548 4210 1639 4253 strenue
1656 4219 1679 4251 se

931 4279 1012 4332 gessitr
1023 4280 1093 4330 utque
1103 4276 1170 4320 amici
1179 4286 1232 4319 eum
1240 4279 1378 4320 monuerunt
1390 4288 1419 4319 ue
1428 4288 1451 4319 se
1460 4276 1484 4319 iu
1493 4275 1613 4319 discrimen
1623 4285 1676 4317 oon·

929 4346 1016 4399 liceret.

905 4421 938 4458 ii.
952 4412 1074 4469 Quomodo
1082 4412 1179 4457 ioannes
1190 4412 1306 4465 supererit
1321 4411 1416 4463 zetotas3
1430 4413 1452 4455 et
1467 4410 1560 4461 seditio,
1576 4420 1627 4465 qum
1637 4410 1675 4452 tri-

932 4482 1015 4535 nurtita
1025 4480 1111 4533 iuerat,
1121 4480 1148 4523 ad
1160 4478 1216 4522 duas
1226 4480 1308 4523 iterum
1318 4478 1424 4523 lectiones
1434 4477 1523 4522 reducis
1531 4478 1572 4521 est.

904 4554 938 4593 ts.
952 4553 983 4595 oa
993 4550 1048 4593 iocis
1057 4550 1081 4593 tn
1091 4548 1216 4593 obsidionis
1228 4546 1395 4592 commendoms
1412 4547 1463 4591 Tito
1476 4548 1625 4600 communalis
1637 4560 1642 4587 :
1655 4550 1676 4591 et

930 4618 1046 4675 quomodo
1060 4620 1181 4669 Romanis,
1198 4618 1289 4661 iucarrtc
1303 4618 1327 4659 tn
1342 4616 1471 4661 iudaeorum
1488 4616 1580 4661 iusidias
1596 4617 1675 4671 lapsis,

929 4690 1006 4733 Cacsar
1015 4688 1121 4731 exoratus
1131 4687 1220 4729 veniam
1229 4686 1427 4738 concessit:utuue
1435 4684 1677 4740 iootsomntbosusuuo

930 4755 959 4799 ad
969 4766 1046 4799 muros
1056 4754 1185 4809 mennatis,
1196 4754 1290 4808 pronius
1301 4752 1351 4795 artri
1362 4754 1435 4797 castra
1444 4752 1557 4797 admouet.

906 4848 929 4885 ιο
946 4840 1071 4884 Delinesiio
1082 4848 1199 4882 murorum
1214 4836 1284 4881 urbis.
1299 4848 1301 4853 ·

907 4916 937 4953 tt.
949 4908 1074 4961 Descriptio
1083 4906 1169 4962 tempti.

906 4985 937 5022 ts.
951 4979 982 5021 no
991 4974 1153 5025 sacerdotibus,
1164 4974 1184 5017 et
1197 4967 1334 5023 redimentis
1343 4984 1421 5017 comm
1432 4976 1597 5030 pontificisque.

907 5116 936 5155 to.
950 5111 982 5153 De
992 5110 1081 5153 Simone
1091 5109 1114 5151 ei
1124 5108 1209 5151 iounue
1221 5108 1335 5159 tyrannis,
1347 5108 1419 5163 deque
1428 5108 1525 5155 ducibus
1534 5108 1562 5151 uir
1572 5107 1613 5151 irTis
1622 5114 1674 5149 cun-

929 5178 1021 5221 stitutts.

1525 5260 1559 5301 lo.

1453 462 1570 527 tursum]
1613 471 1668 517 tii
1725 447 1737 457 ν
1800 436 1809 453 ¹
