3825 6059
787 351 999 412 enarum.
1551 370 1567 419 5

189 481 376 550 Vaticanus
393 478 533 548 liberet
552 479 758 549 Valesianus
776 482 990 568 ostendunt,
1009 483 1186 554 simillima
1210 513 1216 553 :
1240 489 1409 583 suspicari
1427 507 1511 560 sane
1526 491 1567 560 li·

184 616 278 672 ceret
293 601 453 672 codicem
473 614 636 670 nostrum
655 625 730 670 non
748 601 963 674 duodecimo
983 604 1046 675 sed
1071 605 1211 678 decimo
1233 609 1360 680 saecuto
1384 610 1568 682 vindican-

182 722 836 819 dum,etsimiliteratqueVaticanum
850 739 885 795 et
897 713 1206 799 Valesianumesse
1221 730 1311 800 illud
1323 709 1441 828 ipsum
1455 759 1568 804 exem-

181 844 268 940 plar,
301 843 401 938 quod
426 843 495 913 sibi
526 847 785 915 Constantinus
812 845 1136 943 Porphyrogenitus
1166 853 1297 922 exarari
1320 853 1465 947 jusserit
1494 857 1567 941 (Cf.

182 964 390 1036 Dindorfms
404 966 441 1034 in
455 966 551 1035 Praei.
563 965 608 1035 ad
622 967 768 1038 Diodor.
786 971 860 1037 torn
875 972 930 1059 ΙΙ).
956 973 1089 1039 Verum
1105 972 1409 1066 quemadmodum
1424 975 1499 1062 hacc
1515 993 1565 1048 te-

183 1089 309 1157 nuiora
323 1101 406 1157 sunt
425 1086 571 1173 indicia,
588 1113 695 1184 quam
708 1105 750 1159 ut
764 1090 894 1159 certius
908 1090 1106 1187 quidquam
1122 1096 1348 1190 pronuntiari
1371 1114 1491 1202 queat,
1513 1101 1562 1168 sic

182 1208 250 1277 alia
266 1207 426 1303 quaedam
442 1207 686 1303 apographum
701 1209 822 1303 potius
837 1223 873 1278 et
895 1209 1151 1302 compendium
1170 1212 1344 1283 uberioris
1362 1215 1561 1309 eclogarum

181 1328 402 1400 collectionis
413 1344 620 1423 coarguunt.
636 1331 731 1399 Facit
743 1330 815 1400 huc
828 1330 986 1425 primum
998 1332 1091 1401 tituli
1106 1335 1195 1402 ratio
1205 1335 1420 1428 perturbata,
1436 1336 1566 1408 deinde

180 1439 398 1549 illudssquod
413 1453 451 1522 in
469 1453 773 1523 Constantinianis
786 1457 855 1549 Περὶ
869 1457 1046 1550 στρατηγίας
1058 1453 1189 1550 eclogis
1208 1455 1442 1550 fragmentum
1463 1485 1482 1528 e
1498 1465 1564 1530 Po-

180 1574 266 1670 lybii
284 1575 378 1645 libro
397 1592 497 1646 sexto
509 1577 660 1670 petitum
681 1575 874 1684 legebatur,
889 1602 1001 1673 quum
1020 1593 1140 1648 noster
1155 1579 1284 1666 codex,
1303 1581 1479 1677 siquidem
1503 1608 1559 1652 ac-

179 1712 299 1767 curate
320 1721 487 1767 excussus
508 1713 578 1784 est,
601 1696 691 1767 nihil
708 1698 776 1767 nisi
801 1697 874 1769 duo
889 1698 972 1769 libri
987 1701 1101 1769 octavi
1119 1715 1154 1770 et
1175 1701 1334 1772 vicesimi
1351 1703 1456 1798 primi
1476 1704 1564 1798 frag-

179 1833 299 1888 menta
314 1819 506 1888 contineat.
531 1818 638 1903 Quod
653 1819 809 1916 denique
823 1821 861 1889 in
876 1822 1012 1891 Nostris
1034 1847 1167 1893 nornen
1185 1824 1339 1894 auctoris
1359 1824 1405 1894 ad
1426 1826 1565 1920 singula

179 1942 373 2034 fragmenta
386 1941 570 2036 repetitur,
587 1940 654 2011 ida
667 1942 845 2012 Vaticanis
858 1957 893 2013 et
904 1942 1098 2013 Valesianis
1113 1943 1243 2039 eclogis
1258 1945 1415 2016 alienum
1428 1963 1491 2017 est.

225 2068 390 2135 Ceterum
398 2087 476 2158 quar.
488 2061 622 2132 inedita
637 2063 866 2152 exhibemus,
882 2089 922 2134 ea
940 2066 1111 2136 historico
1126 2067 1323 2162 gratissima
1335 2069 1482 2139 veniant
1500 2095 1562 2140 ne-

176 2211 275 2256 cesse
288 2199 352 2256 est.
371 2187 461 2255 Nam
476 2184 591 2279 proelii
605 2182 651 2254 ad
666 2185 837 2256 Asculum
855 2187 1037 2257 commissi
1052 2187 1244 2282 descriptio
1260 2190 1455 2258 accuratior
1469 2189 1562 2259 desi-

178 2304 438 2394 derabatur3de
447 2306 491 2376 iis
503 2277 609 2402 quaee
621 2307 772 2402 Dexippi
784 2308 947 2377 Historiis
961 2307 1133 2402 Scythicis
1145 2308 1358 2396 referuntur,
1373 2310 1428 2380 vel
1437 2335 1561 2406 parurn
1642 2387 1645 2392 ,

178 2430 234 2500 rel
244 2431 395 2500 omnino
407 2452 480 2499 non
490 2427 907 2516 constabat3Eusebium,
919 2429 1148 2524 cujusomnis
1156 2431 1328 2501 memoria
1339 2455 1413 2501 uno
1424 2434 1561 2527 Euagrii

178 2551 258 2622 loco
272 2551 534 2638 continebatur,
547 2551 621 2644 jam
634 2550 804 2621 docemur
818 2567 854 2621 et
867 2552 950 2621 satis
964 2550 1124 2647 amplum
1139 2552 1321 2647 scripsisse
1333 2550 1560 2624 historiarum

178 2697 288 2770 opus,
303 2674 341 2743 in
359 2697 473 2768 eoque
493 2671 684 2742 dialectum
705 2672 886 2744 affectasse
899 2674 1065 2744 ionicam.
1082 2673 1218 2769 Polybii
1239 2674 1476 2769 fragmentum
1494 2700 1560 2746 no·

179 2819 341 2865 veramus
353 2794 649 2889 quidem,verum
659 2794 926 2900 delibro,unde
935 2797 1089 2891 petitum
1098 2810 1205 2883 esset,
1215 2794 1508 2892 hucusquehaud
1517 2797 1561 2868 li·

178 2917 320 3012 quebat.
338 2918 502 3013 Denique
516 2915 679 2987 lectionis
706 2917 855 2986 varietas
878 2938 984 3011 quam
1004 2913 1117 2984 codex
1137 2914 1316 3010 praebebat
1336 2930 1560 3011 pervetustus

178 3036 277 3108 haud
290 3038 431 3110 minimi
451 3052 524 3108 erat
547 3039 732 3108 momenti.
757 3041 878 3133 Neque
892 3035 1021 3106 dubito
1033 3036 1119 3131 quin
1136 3035 1272 3130 egregie
1291 3035 1479 3130 Mynoides
1499 3039 1562 3108 lli·

178 3185 241 3230 nas
260 3159 306 3230 de
323 3160 519 3229 litterarum
535 3159 716 3256 republica
730 3159 821 3229 foret
838 3159 1003 3246 meritus,
1017 3157 1047 3226 si
1062 3181 1136 3227 non
1151 3154 1261 3227 modo
1281 3156 1414 3226 inedita
1435 3159 1560 3227 exscri-

176 3281 305 3375 psisset
322 3279 458 3366 omnia,
475 3276 537 3347 sed
554 3277 689 3374 reliqua
708 3278 829 3364 etiam,
852 3278 889 3346 in
911 3278 1025 3375 iisque
1045 3276 1273 3373 Thucydidea
1291 3278 1458 3366 maxime,
1474 3303 1556 3348 curn

176 3401 281 3472 editis
297 3401 430 3471 nostris
444 3398 662 3469 contendere
674 3413 779 3495 atque
789 3399 993 3470 varietatem
1006 3398 1169 3470 lectionis
1179 3413 1324 3469 enotare
1334 3399 1556 3470 instituisset.

223 3527 300 3593 Jam
318 3536 359 3591 ut
382 3521 426 3590 de
455 3544 532 3590 mea
547 3521 672 3616 loquar
685 3521 817 3616 opella,
835 3522 954 3616 graecis
973 3521 1084 3615 adjeci
1106 3521 1232 3607 latina,
1254 3519 1390 3614 subjeci
1408 3535 1557 3590 annota-

177 3645 312 3714 tionem
322 3644 496 3730 criticam,
511 3667 581 3738 qua
593 3657 719 3738 praeter
731 3668 828 3712 meos
843 3658 994 3713 conatus
1005 3643 1219 3714 exhibentur
1233 3655 1311 3711 tum
1326 3665 1381 3730 ea,
1394 3666 1473 3737 quae
1488 3643 1556 3712 Mi-

176 3789 240 3836 nas
256 3764 301 3836 ad
322 3765 516 3858 marginem
537 3764 731 3860 apographi
755 3765 906 3851 notavit,
928 3779 1004 3834 turn
1027 3765 1265 3836 correctiones
1283 3762 1447 3833 Diibneri
1468 3765 1555 3852 mei,

176 3889 238 3984 qui
258 3887 451 3980 fragmenta
475 3883 566 3973 haec,
595 3901 787 3981 antequam
805 3886 843 3955 in
864 3910 991 3956 manus
1018 3886 1107 3958 mihi
1127 3886 1308 3974 venirent,
1326 3885 1557 3981 perlustrave-

177 4023 238 4078 rat.
259 4008 361 4094 Vale,
377 4004 497 4094 lector,
508 4006 664 4102 lateque.
1227 4001 1228 4006 ’

225 4133 388 4215 mesns,
405 4151 528 4198 mense
542 4131 666 4202 Martio
684 4131 962 4200 mcccxxvu.

1076 4255 1237 4322 Canobus
1257 4252 1457 4319 Munnnnus.
