3825 6059
63 512 122 565 ιιοιε,
136 492 201 568 tots.)

61 656 107 707 νος,
124 631 272 705 ἀπελογεῖτο
290 626 350 706 περὶ
371 632 415 697 τῆς
436 625 590 701 ἀποδημίας·
612 626 657 683 καὶ
670 626 755 683 πολλὶι
771 625 817 701 μὲν

499 486 549 548 nu
569 488 689 547 nauco
712 452 793 547 run.
816 486 888 547 ιιιι.
917 488 939 546 ι.
966 489 1046 546 ιιι).
1071 487 1176 546 xxm.

1395 442 1539 564 ι[ιιιι,ιιι.]
1602 502 1638 550 57

872 634 1040 683 lectionissnse
1050 635 1164 684 ratiotrsm
1178 632 1254 683 rnldit
1266 648 1271 680 ι
1285 639 1309 683 et
1318 637 1405 683 turritas
1417 636 1513 698 quidem
1529 642 1578 685 lico
1587 651 1640 696 gra·

60 718 195 796 ηὐγαρίστει
204 718 242 795 τῷ
254 716 326 794 Θεῷ,
336 714 419 772 πολλά
432 714 459 772 δὲ
469 714 583 792 Καίσαρι
595 712 820 793 καταστησαμίνιρ
866 721 911 770 tias
921 721 1020 782 agebat,
1034 723 1121 770 mullas
1132 733 1187 769 vcro
1196 721 1302 780 caesari,
1315 722 1450 783 qnldomus
1459 736 1510 771 snae
1521 725 1642 785 perturba·
1664 751 1669 760 ·

61 808 96 864 τὀν
108 796 171 863 οἱκον
186 806 263 860 αὐτοῦ
278 800 480 880 τεταραγμένον,
498 800 542 859 καὶ
560 801 645 875 μεῖζόν
657 823 682 857 τι
693 808 745 867 τοῖς
758 804 820 866 υἱοῖς
864 808 952 857 ῑῖοιιειιι
964 808 1083 857 sedaverit
1093 812 1164 869 atque
1176 809 1324 866 restinxerit3
1335 814 1375 866 et,
1388 808 1453 870 qnod
1469 823 1540 870 regno
1550 811 1642 870 majus,

62 890 206 971 παρασχόντι
216 894 263 959 τῆς
269 888 402 967 βασιλείας
410 887 457 957 τήν
469 887 655 964 όμόνοιαν,οῆν
667 887 750 958 αὐτὸς,
760 885 819 966 ἔφη,
864 894 918 943 nttts
930 900 1013 944 unctor
1023 896 1093 943 lncril
1101 894 1245 954 concordias,
1264 914 1276 937 κ
1293 908 1366 957 qnam
1378 909 1434 957 ego,
1443 896 1537 957 ,inqtrit,
1556 898 1644 945 arctius

61 1072 121 1143 «γῆς
134 1065 174 1121 καῖ
188 1060 313 1131 δυιαστήν
331 1068 375 1120 τοῦ
388 1062 509 1139 διαδόχου
521 1060 691 1131 κατέστησεν,
707 1060 758 1135 lud>
772 1060 819 1131 δὲ,

62 1150 137 1226 «μετὰ
150 1156 193 1207 τοῦ
206 1147 380 1229 συμφέροντος
389 1150 494 1227 ἐμαυτῷ
508 1150 625 1205 κάκεῖνον
637 1148 817 1223 άμειθόμενος,

62 1268 70 1289 ι
82 1239 160 1296 τούσδε
172 1234 233 1302 τοῦς
250 1244 318 1317 τρεῖς
334 1236 430 1302 παῖδας
440 1234 609 1311 ἀποδείκνυμι
625 1233 762 1314 βασιλέας,
776 1234 821 1291 καλ

61 1355 69 1375 ι
79 1331 117 1395 τῆς
132 1325 236 1400 γνώμης
250 1326 353 1401 πρῶτον
366 1322 409 1381 τὸν
421 1322 489 1385 Θεδν
509 1320 657 1403 σύμψηφον,
672 1321 761 1379 ἔπειτα
776 1320 820 1379 sat

42 1418 137 1487 ιιιύμῖῑς
154 1413 305 1491 παρακαλῶ
326 1411 453 1489 γενέσθαι.
504 1412 551 1487 Τῷ
570 1408 617 1484 μὲν
642 1408 692 1486 γθρ
716 1407 820 1477 ἡλικία,

61 1502 155 1565 ussisti
167 1498 283 1575 εὐγένεια
295 1498 342 1568 τήν
357 1496 481 1575 διαδοχήν
499 1495 624 1575 προξενεῖ.
672 1494 712 1555 Τό
724 1516 753 1572 γε
768 1492 819 1569 μὴν

61 1588 172 1663 «μέγεθος
189 1591 237 1656 τῆς
258 1586 391 1663 βασιλείας
404 1586 478 1662 άρκεῖ
491 1582 536 1641 καί
553 1582 680 1643 πλείοσιν.
723 1580 777 1647 otc
794 1581 820 1638 δὲ

61 1678 175 1753 ιὶῖαῖσαρ
189 1672 238 1749 μὲν
258 1672 355 1743 ἥνωσε,
370 1670 508 1740 καθίστησι
522 1668 548 1727 δὲ
563 1667 669 1746 πατὴρ,
686 1672 758 1744 ὑμεῖς
773 1690 821 1738 τη-

61 1764 181 1839 -ρήσατε,
204 1760 274 1838 μήτε
296 1758 398 1824 ἀδίκους
422 1758 488 1834 μήτε
510 1756 663 1833 ἀνωμάλους
681 1755 727 1821 τὰς
746 1754 822 1825 τιμάς

36 1868 51 1901 ιι
61 1876 70 1899 ι
80 1848 191 1919 διδόντες,
213 1846 319 1925 ἑκάστῳ
333 1844 359 1903 δὲ
375 1845 444 1903 κατὰ
458 1842 605 1923 πρεσθεῖον.
658 1845 699 1902 Οὐ
717 1840 767 1920 γάρ
780 1864 821 1899 το·

62 1965 70 1986 ι
82 1942 161 1993 σοῦσον
172 1937 295 2013 εὐφρανεῖ
307 1956 344 1998 τις
356 1932 399 1989 τόν
412 1930 474 2010 παρ’
491 1932 593 2001 ἡλικίαν
608 1930 822 2009 θεραπευόμενον,

62 2022 131 2079 «doen
142 2021 261 2090 ὀδυνήσει
273 2019 317 2077 τὸν
327 2016 509 2095 ἀτιμούμενον.
551 2015 604 2083 Ούς
619 2040 647 2094 γε
660 2018 711 2092 μὴν
721 2018 823 2095 ἱκάστῳ

62 2110 181 2167 ισυνεῖναι
195 2106 286 2177 δεήσει
302 2114 432 2181 συγγενεῖς
445 2104 490 2162 καὶ
506 2105 609 2184 φίλους,
629 2104 681 2183 ἐγὼ
696 2107 822 2178 διανεμῶ,

62 2198 177 2265 «καὶτῆς
196 2192 320 2271 ὁμονοίας
338 2191 448 2258 ἐκείνους
462 2190 588 2269 ἐγγυητάς
606 2190 821 2265 καταστήσομαι,

35 2296 53 2332 lt
64 2312 72 2333 ι
84 2286 160 2359 σαφῶς
174 2280 347 2356 ἐπιστάμενος
361 2278 401 2337 δτι
414 2279 459 2345 τὰς
473 2279 576 2343 στάσεις
590 2278 693 2343 καὶτὰς
710 2280 822 2355 φιλονει·

63 2396 71 2419 ι
82 2371 130 2436 κίεις
136 2373 258 2446 γεννῶσιν
269 2370 296 2425 αἱ
306 2371 358 2441 τῶν
366 2366 595 2444 συνδιατριβόντων
604 2365 763 2435 κακοήθειαι·
774 2362 822 2422 κᾶν

63 2446 134 2515 -datr
147 2448 218 2514 ούτοι
229 2452 354 2533 χρηστοὶ,
367 2459 473 2533 τηροῦσι
487 2453 533 2517 τὰς
547 2452 666 2529 στοργάς.
708 2450 781 2518 Ἀξιῶ
796 2449 823 2509 δὲ

63 2545 105 2599 tol
121 2543 192 2617 μόνον
205 2541 327 2613 τούτους,
345 2540 412 2598 ἀλλὰ
425 2539 469 2597 καῖ
483 2538 540 2606 τοῦς
557 2542 584 2597 ἐν
601 2544 634 2617 τῇ
650 2547 760 2618 στρατιᾷ
773 2560 823 2614 μου

11 2688 12 2691 ,
64 2630 239 2710 ιταξιάρχους,
259 2631 285 2686 ἐν
302 2628 360 2704 ἐμοὶ
375 2626 446 2707 μόνῳ
458 2625 504 2693 τίις
516 2626 623 2692 ἐλπίδας
637 2626 706 2717 ἔχεγν
722 2626 764 2684 ἐπὶ
779 2632 822 2684 τοῦ

37 2729 72 2766 a·
82 2716 203 2794 παρόντος.
248 2716 289 2775 Ού
301 2714 352 2792 γάρ
366 2712 509 2792 βασιλείαν,
522 2712 590 2770 άλλθ
599 2714 676 2789 τιμὴν
689 2712 823 2791 βασιλείας

65 2830 73 2849 r
84 2810 127 2869 τοῖς
136 2808 196 2870 υἱοῖς
205 2800 387 2883 παραδίδωμι·
403 2800 448 2858 καὶ
461 2804 511 2858 τῶν
527 2798 573 2877 μὲν
584 2799 666 2869 ἡδέων
680 2803 714 2867 ὡς
727 2799 821 2879 ἄρχον·

64 2914 115 2955 aasz
128 2888 320 2959 ἀπολαύσουσι,
337 2888 366 2945 τὸ
382 2886 458 2966 βάρος
475 2887 567 2970 δὲιτῶν
580 2886 742 2965 πραγμάτων
761 2887 823 2962 ἐμόν

64 2978 144 3047 ιε’στι,
154 2976 201 3035 κδιν
218 2974 257 3051 μὴ
271 2974 348 3033 θέλω.
399 2972 557 3033 Σκεπτίσθω
573 2974 600 3031 δὲ
616 2972 723 3039 ἕκαστος
736 2974 783 3043 τήν
795 2996 823 3031 τε

64 3096 71 3112 =
84 3065 175 3133 ήλικὶαν
187 3062 240 3140 μόυ
254 3062 300 3121 καὶ
311 3062 358 3133 τήν
371 3062 474 3139 ἀγωγήν
485 3066 529 3120 τοῦ
548 3061 617 3139 βίου,
633 3062 677 3119 καὶ
689 3061 737 3131 τήν
749 3060 823 3118 εὐσέ-

64 3150 154 3211 Ιύειιιν,
194 3148 267 3211 Οὔτε
282 3148 332 3228 γάρ
344 3147 423 3215 ούτως
434 3148 488 3224 εἰμὶ
498 3148 579 3228 γίροιν
593 3145 655 3205 ὥστ’
666 3146 697 3204 ἂν
713 3150 822 3205 ἀπελπι-

63 3266 71 3288 ι
85 3242 164 3309 σθῆναι
174 3238 294 3317 ταχέως,
303 3235 361 3295 οὔτε
370 3238 404 3302 εἱς
415 3236 514 3317 τρυφήν
526 3236 739 3311 ἐκδιαιτώμενος,
751 3235 768 3305 ἢ
779 3234 825 3292 καί

64 3326 141 3391 ενέους
153 3321 372 3401 ἐπιτέμνεταιῖτό
387 3348 414 3382 τε
430 3329 497 3383 θεῖον
515 3321 582 3383 ούτω
599 3320 824 3402 τεθεραπεύκαμεν

11 3408 12 3445 ³
64 3411 139 3471 ιόιστε
151 3412 181 3471 ἂν
192 3416 239 3471 ἐπὶ
259 3412 385 3488 μήκιστον
409 3411 465 3490 βίου
478 3412 623 3490 προελθεῖν.
674 3408 707 3467 ‘0
727 3408 755 3467 δὲ
765 3408 824 3473 τοὺς

11 3554 13 3589 ἱ

11 3532 12 3537 =
64 3500 147 3573 ·ἐμοῖις
157 3502 255 3565 παῖδας
268 3498 418 3576 ’θεραπεύων
431 3499 475 3557 ἐπὶ
491 3504 524 3577 τῇ
539 3500 589 3575 ἐμῇ
602 3496 760 3567 καταλύσει,
773 3496 824 3553 δώ-

11 3594 13 3643 l
36 3602 163 3661 ιιισειμοι
175 3586 292 3664 καὶπερὶ
306 3585 408 3642 ἐκείνων
421 3586 501 3651 δίκας.
544 3588 584 3645 Οὐ
599 3584 649 3663 γάρ
663 3583 715 3661 ἐγὼ
727 3587 825 3663 φθονῶν

84 3682 128 3739 τοῖς
136 3674 161 3741 ἐξ
174 3677 240 3749 ἐμοῦ
253 3672 447 3750 γεγεννημένυις
463 3672 602 3731 ἀνακόπτω
620 3669 666 3741 τήν
679 3674 714 3736 εἱς
734 3670 824 3736 αὐτούς

64 3788 71 3805 ι
83 3762 230 3837 φιλοτιμίαν,
252 3760 422 3837 ἐπιστάμενος
441 3758 468 3818 δὲ
490 3762 543 3825 τοῖς
563 3758 627 3821 νέοις
645 3758 759 3832 γίνεσθαι
780 3757 826 3823 τὰς

63 3848 184 3915 ισπουδ-ίις
198 3847 311 3928 θράσους
321 3848 429 3927 ἑφόδιον.
472 3846 507 3907 Ei
519 3870 548 3923 γε
564 3846 616 3922 μὴν
630 3845 737 3916 ἕκαστος
751 3848 830 3903 ἐνδυ-ι

64 3959 72 3978 ι
85 3935 168 4005 μηθείη
177 3940 231 3993 τῶν
241 3936 399 4015 προσιόντων
410 3934 449 3993 δτι
458 3936 569 4014 χρηστὸς
582 3932 628 4007 μὲν
640 3932 749 4010 ὢνπαρ’
760 3937 823 4007 ἐμοῦ

36 4031 54 4066 ⁴⁰
65 4049 72 4067 ι
83 4021 184 4098 λήψεται
193 4021 242 4092 τήν
257 4021 380 4097 ἀμοιόὴν,
398 4022 543 4089 στασιάζων
556 4020 582 4079 δὲ
599 4021 644 4079 καί
654 4020 727 4098 παρὰ
737 4023 774 4097 τῷ
784 4024 825 4077 θε-

11 4114 13 4121 ‘
64 4134 72 4151 ·
87 4108 247 4188 ραπευσμένῳ
256 4107 286 4169 τὸ
302 4108 427 4175 κακόηθες
437 4108 559 4179 ἀνόνητον
569 4106 631 4178 ἕξει,
641 4106 740 4173 πάντας
752 4097 825 4183 οἶμαι

65 4194 112 4271 ιιτίι
123 4195 172 4271 lul
190 4194 335 4277 φρονήσειν,
355 4194 471 4253 τουτέστι
490 4195 520 4255 adt
534 4200 584 4253 τῶν
604 4197 672 4271 ἐμῶν
693 4196 763 4251 υἱῶν·
780 4198 824 4250 καὶ

65 4282 126 4363 εγὶρ
139 4282 237 4349 τούτοις
250 4280 377 4389 συμφίρει
389 4290 491 4362 κρατεῖν
507 4280 553 4358 ἐμὲ
568 4280 636 4357 κοῖμὲ
650 4279 748 4347 τούτοις
762 4284 824 4357 ὁμο·

66 4394 74 4413 ι
86 4371 150 4427 νοεῖν.
166 4370 259 4446 Ὑμεῖς
269 4368 310 4440 δὲ,
324 4393 345 4427 ω
356 4370 446 4434 παῖδες
455 4368 562 4446 σἰγαθοῖ,
577 4372 679 4445 πρῶτον
693 4366 739 4443 μὲν
752 4370 825 4425 ἔνθυ-

38 4471 55 4506 ιι
65 4479 73 4499 ¹
86 4458 199 4531 μούμενοι
208 4456 255 4528 τὴν
265 4454 337 4535 ἱερὰν
345 4454 429 4535 φύσιν,
440 4448 470 4525 ἧς
477 4453 599 4535 καὶπαρά
607 4454 703 4535 θηρίοις
713 4456 740 4512 αἱ
750 4476 825 4535 στορ-

66 4542 122 4615 ιγαῖ
133 4542 260 4619 μένουσιν,
274 4542 363 4600 ἔπειτα
372 4542 415 4599 τδν
427 4542 602 4618 ποιησάμενον
612 4546 687 4618 ἡμῶν
699 4541 745 4608 τθις
757 4544 826 4599 διαλ·

66 4630 156 4706 Ιλιγύς
172 4632 310 4707 Καίσαρα,
320 4628 404 4711 τρίτον
419 4628 465 4706 ἐμὲ
476 4629 519 4687 τδν
531 4632 557 4686 ἐν
566 4620 603 4695 οἷς
612 4628 708 4697 ἔξεστιν
718 4630 824 4687 ἕπιτάσ·

68 4737 130 4771 ισειν
149 4722 368 4798 παρακαλοῦντα,
395 4718 499 4792 μείνατε
524 4716 637 4798 ἀδελφοί.
679 4716 779 4793 Δίδωμι
799 4718 826 4775 δὲ

67 4806 138 4876 ιύμῖν
152 4805 247 4875 ἐσθῆτά
262 4828 291 4861 τε
306 4804 356 4874 ἤδη
369 4804 413 4861 καί
431 4804 568 4883 θεραπείαν
582 4804 727 4883 βασιλικήν·
747 4804 826 4861 ἐπεύ-

68 4998 76 5023 ι
89 4978 206 5051 ὁμονοῆτε
218 5006 236 5037 ν.
280 4982 373 5037 ’ἱάῦτα
390 4977 478 5051 εἰπὼν,
492 4984 536 5038 καὶ
547 4979 703 5059 φιλοφρόνως
717 4977 826 5036 ἕκαστον

68 5064 287 5141 κατασπασάμενος
298 5068 350 5123 τῶν
361 5065 542 5138 υἱῶν,’διέλυσε
552 5065 582 5123 τὸ
590 5067 701 5136 πλῆθος,
712 5062 769 5131 τοῦς
780 5062 826 5141 μὲν

68 5150 252 5229 ευνευρομένους
265 5154 319 5218 τοῖς
332 5150 492 5230 εἰρημένοις,
510 5150 565 5210 ὅσοι
580 5150 607 5210 δὲ
620 5150 763 5228 ἐπεθύμουν
779 5174 826 5227 με·

68 5236 177 5311 τιθεῖ-ῆς,
192 5240 257 5315 μηδὲ
273 5238 412 5317 ἀκηκοέναι
422 5238 663 5319 προσποιουμένους.

41 976 224 1057 εισυναρμόσω
239 976 348 1053 μᾶλλον.
391 974 424 1034 Ὁ
437 972 483 1050 μὲν
493 974 543 1053 γάρ
554 972 639 1053 κύριον
653 973 699 1048 ἐμὲ
711 978 757 1039 τῆς
770 980 818 1053 ἀρ·
866 982 966 1031 radlrue
977 987 1142 1043 onagrucntare
1152 983 1255 1031 studebo
1295 985 1353 1031 llam
1372 982 1393 1031 is
1403 983 1500 1043 uiridem
1520 996 1559 1031 me
1579 984 1645 1044 regni

869 1090 881 1111 u
892 1070 1017 1117 dominnm
1029 1075 1052 1119 et
1065 1071 1095 1118 ‹le
1107 1082 1244 1118 successore
1255 1069 1360 1130 judicem
1371 1070 1509 1130 coustituit,
1519 1084 1563 1131 epo
1573 1085 1644 1131 vcro,

867 1158 957 1217 «qnod
977 1156 1025 1205 mei
1042 1158 1147 1216 intersit,
1167 1156 1200 1204 illi
1216 1157 1288 1205 etiam
1305 1157 1393 1217 gratias
1409 1157 1526 1215 relcrcus,
1540 1157 1584 1205 nos
1596 1163 1645 1207 tres

866 1264 877 1285 u
891 1242 952 1291 filios
964 1256 1030 1303 roges
1043 1242 1154 1302 designo,
1165 1246 1237 1304 atque
1248 1240 1435 1291 lruiosoutentitn
1445 1243 1549 1305 'trimam
1562 1246 1639 1293 Deum

867 1350 878 1371 ι
892 1330 1073 1390 srrllragatorem
1090 1330 1139 1378 lieri
1150 1343 1241 1392 precor,
1252 1329 1338 1378 deiude
1348 1334 1373 1378 at
1386 1342 1437 1379 sos.
1469 1334 1577 1392 Namque
1589 1331 1647 1380 lrnie
1686 1308 1691 1319 ⁴

867 1436 878 1458 u
891 1423 965 1477 atas,
975 1416 1022 1465 illis
1034 1417 1125 1479 geneda
1135 1416 1246 1465 nobilitas
1256 1402 1429 1465 suoo'msiouem
1440 1417 1556 1466 conciliat.
1569 1420 1645 1467 Porro

867 1523 879 1547 u
890 1505 953 1565 regni
964 1517 992 1553 ca
1006 1504 1143 1564 magnitudo
1152 1509 1202 1563 eat,
1213 1508 1240 1552 nt
1249 1505 1321 1553 etiam
1333 1504 1441 1565 pluribus
1449 1504 1560 1553 sufficiat.
1577 1508 1648 1562 Quos

867 1610 879 1633 u
892 1592 972 1644 aulem
988 1594 1068 1640 cusai
1084 1592 1208 1653 mrrjnnxit
1228 1597 1253 1640 ct
1269 1596 1335 1653 patcr
1356 1591 1493 1650 constitnit,
1510 1606 1554 1640 ros
1570 1592 1643 1641 velim

867 1696 879 1719 ι
892 1678 1033 1737 observare,
1049 1690 1128 1740 neque
1141 1678 1235 1739 injustis
1246 1690 1323 1739 neom
1333 1678 1469 1741 disparibus
1484 1691 1526 1727 cos
1540 1679 1647 1739 uolontas

869 1782 879 1807 ι
893 1766 1036 1825 Ιιιιιιοιίῖιιιε,
1047 1766 1089 1814 scd
1097 1778 1217 1829 qnernque
1227 1779 1271 1827 pro
1278 1766 1391 1814 nascendi
1398 1766 1489 1814 ordine.
1520 1768 1646 1816 donanim

868 1872 879 1893 r
893 1855 958 1901 tanta
968 1853 1023 1913 ptris·
1033 1853 1122 1902 alliciet
1130 1866 1185 1901 eum
1195 1852 1277 1902 latina
1287 1854 1327 1915 qul
1343 1856 1432 1915 prater
1440 1854 1518 1903 aetatis
1528 1866 1647 1915 proroga·

869 1958 879 1981 u
894 1940 968 1988 tivum
986 1940 1082 1999 colitur,
1098 1945 1214 2001 quatitum
1225 1941 1265 2000 ei,
1279 1954 1352 2003 quem
1362 1941 1476 2003 despicit.
1490 1941 1579 1989 doloris
1588 1942 1644 1990 alle·

868 2046 879 2069 s
893 2030 936 2076 rel.
970 2030 1081 2076 ceterrtm
1095 2041 1126 2076 cx
1142 2029 1321 2089 musamutncis
1330 2032 1354 2077 et
1365 2028 1462 2088 amicis,
1474 2041 1537 2090 quos
1549 2031 1646 2091 oporte-

868 2134 880 2157 ι
893 2114 928 2163 bit
936 2128 991 2163 cum
998 2115 1097 2176 siugulis
1107 2117 1194 2164 versari
1204 2152 1210 2174 ‚
1220 2129 1265 2177 ego
1273 2116 1320 2164 illis
1326 2115 1498 2176 adjungamur
1507 2115 1648 2165 concordiae

870 2222 881 2243 ι
893 2215 1022 2264 sponsores
1035 2203 1191 2260 constituam,
1209 2206 1238 2251 ut
1254 2203 1295 2265 qni
1309 2203 1383 2264 probe
1401 2202 1492 2259 norlm,
1505 2202 1606 2251 dissidia
1620 2210 1647 2251 ct

869 2309 880 2331 ο
893 2291 1055 2337 contentiones
1067 2304 1096 2337 οι
1106 2290 1213 2351 malignis
1221 2289 1562 2352 ingeniiseorumquibnscnm
1571 2294 1648 2349 agunt

869 2376 1006 2437 «proticisci
1022 2396 1032 2435 ,ε
1051 2376 1155 2437 nosque,
1174 2377 1194 2424 εῖ
1213 2377 1270 2423 noui
1287 2376 1388 2435 luerint,
1408 2379 1520 2424 mutuum
1538 2388 1644 2424 amorem

869 2483 880 2505 ι
893 2464 964 2512 tucri.
1005 2467 1057 2512 Non
1073 2465 1132 2511 istos
1142 2468 1222 2511 ιιιιειιιι
1235 2467 1327 2511 tatrtnm'
1337 2476 1380 2511 oro
1390 2466 1415 2511 ct
1432 2464 1546 2522 obtestor,
1562 2462 1605 2524 scd
1620 2468 1645 2511 ct

869 2572 881 2593 «
893 2552 1003 2599 ordinum
1018 2551 1159 2600 docimesio
1170 2552 1273 2599 exercitu
1284 2564 1351 2608 meo,
1368 2556 1395 2598 nt
1410 2551 1434 2598 in
1454 2564 1493 2599 roe
1510 2551 1561 2599 solo
1577 2563 1646 2612 spem

870 2640 997 2688 ultabeant
1016 2641 1040 2687 in
1058 2640 1188 2702 prasentia
1239 2638 1497 2699 nonsummum,
1517 2637 1559 2686 sed
1574 2638 1645 2699 cegtd

870 2746 881 2769 ιι
893 2727 1007 2799 honorem
1025 2727 1079 2775 litiis
1093 2726 1161 2775 trado
1177 2746 1183 2775 ι
1197 2730 1222 2775 et
1234 2725 1346 2786 juertudis
1361 2726 1471 2789 onmem,
1485 2724 1554 2787 qnasi
1567 2725 1590 2773 in
1603 2726 1649 2774 imi

870 2834 882 2857 a
894 2808 1072 2876 pernossent,
1095 2814 1254 2876 lacrimantur,
1277 2826 1357 2862 rorum
1379 2826 1531 2872 sero-onus,
1550 2812 1646 2861 ῑειιιειεῖ

870 2921 882 2944 α
895 2902 983 2962 nolim,
999 2916 1079 2951 mcum
1091 2902 1143 2950 erit.
1177 2900 1316 2950 consideret
1333 2902 1414 2947 autem
1430 2898 1534 2959 quisquo
1547 2900 1644 2946 [εἱειειιι

870 3008 882 3031 ιι
895 3002 987 3049 meam,
999 2990 1103 3050 rituque
1114 2989 1263 3048 institutum,
1273 3000 1365 3036 ncouon
1376 2987 1496 3049 pictatem.
1535 2988 1595 3034 liam
1607 2998 1647 3034 ne-

869 3098 881 3119 «
892 3090 940 3138 quc
951 3092 1022 3125 sonex
1035 3078 1171 3135 actuosum,
1184 3082 1210 3124 nt
1221 3075 1251 3124 de
1264 3088 1303 3123 me
1314 3075 1362 3122 vita
1369 3072 1488 3135 desperari
1497 3072 1595 3131 debeat,
1607 3084 1648 3121 ne·
1732 3064 1735 3070 ’
1771 3062 1774 3067 ’

870 3181 883 3205 α
894 3176 940 3224 «pm
951 3163 1113 3223 voluptatibus
1124 3165 1234 3210 assaretur
1241 3198 1248 3223 ,
1261 3174 1316 3221 quas
1326 3161 1351 3209 el
1357 3160 1473 3220 juvenum
1484 3159 1586 3222 poplitca
1594 3172 1647 3207 ana·

870 3269 882 3291 ιι
893 3249 988 3296 cidnul:
998 3247 1055 3309 qrrln
1069 3251 1094 3294 et
1106 3250 1183 3294 Deum
1194 3246 1227 3293 ita
1238 3245 1371 3303 noluimus,
1386 3249 1412 3292 nt
1422 3244 1549 3305 vitaquanr
1556 3244 1645 3304 longis·

870 3353 881 3375 u
895 3333 954 3381 sima
965 3332 1009 3381 lrui
1021 3330 1219 3381 uoudnbitemus.
1228 3332 1323 3386 Quotus
1331 3342 1389 3377 vero
1399 3330 1500 3390 quisquc
1509 3327 1571 3376 lilios
1578 3340 1646 3376 ιιιεοε

871 3438 882 3461 ι
893 3418 1094 3467 οἱιεεινεοῖιιῖιιε
1105 3428 1165 3463 meas
1177 3414 1270 3464 exitum
1284 3418 1437 3475 exspectans,
1447 3412 1507 3460 sciat
1520 3412 1541 3460 is
1550 3426 1577 3462 so
1592 3425 1645 3474 pro·

871 3524 883 3548 r
898 3508 976 3566 pterea
989 3504 1047 3552 mitri
1056 3515 1139 3566 pannas
1150 3502 1262 3549 daturum
1273 3514 1334 3550 esse.
1352 3500 1645 3562 Egocnimusqnaqnam,

870 3612 882 3635 ιι
895 3605 922 3639 ao
932 3591 950 3639 εἰ
961 3590 1090 3638 inciderem
1105 3602 1134 3636 ex
1151 3600 1190 3635 me
1199 3586 1404 3649 genitis,inrpctlio
1413 3586 1542 3647 quominus
1553 3586 1592 3634 aiii
1605 3579 1647 3635 cos

871 3696 882 3719 ι
897 3677 985 3725 Ιιοιιιιιο
996 3679 1178 3735 prosequantur,
1196 3672 1238 3721 scd
1257 3671 1320 3732 qnod
1336 3672 1427 3729 norim,
1439 3670 1556 3732 ejusmodi
1569 3670 1648 3720 sunta

871 3784 882 3805 u
895 3760 1317 3813 irtadolusoentibuslerociamalere.
1341 3758 1648 3820 ltaqtmsicogitaroseliut

871 3871 882 3892 ιι
895 3850 935 3911 qui
947 3849 978 3896 atl
987 3862 1028 3897 cos
1039 3861 1064 3896 se
1072 3847 1210 3905 sortierunt,
1221 3845 1300 3907 qnod,
1314 3846 1450 3907 quicunque
1461 3844 1522 3893 bens
1534 3858 1560 3893 sc
1571 3856 1648 3904 ιςεεεε-

871 3957 884 3981 ιι
897 3939 940 3997 rit,
953 3936 1051 3996 gratiam
1065 3948 1080 3982 a
1093 3948 1131 3983 ms
1141 3934 1238 3982 relatam
1248 3932 1360 3992 iubebit,
1372 3931 1471 3981 dissidia
1486 3942 1552 3981 scro‘
1560 3930 1646 3980 serenti

870 4044 882 4067 τι
894 4024 952 4072 uiuit
965 4024 1111 4085 pmlutnram
1119 4035 1170 4071 esse
1179 4021 1386 4082 malitiam,etium
1398 4020 1461 4081 apud
1471 4033 1526 4069 enm
1535 4020 1574 4069 cui
1585 4021 1647 4069 leno·

871 4131 882 4153 ι
895 4113 996 4171 sinatur,
1009 4123 1092 4159 ornnes
1104 4110 1210 4171 pmiento
1219 4109 1292 4166 rucis,
1303 4108 1348 4156 Ιιοο
1358 4109 1397 4157 est
1405 4108 1507 4155 tiliorum
1519 4119 1647 4166 meorum,

871 4218 883 4241 u
896 4200 967 4247 rebus
980 4198 1118 4247 studebunt.
1149 4199 1208 4245 llam
1217 4200 1241 4244 et
1250 4194 1310 4256 ipsis
1317 4193 1413 4257 expedit
1424 4207 1464 4243 mu
1477 4206 1587 4255 regnare,
1598 4206 1648 4241 ιιιο-

871 4305 883 4329 a
894 4298 941 4347 quo
957 4298 1013 4333 cnm
1027 4284 1073 4333 illis
1089 4282 1239 4332 munordarc
1279 4284 1432 4340 vosautem,
1444 4280 1527 4329 ottoni
1538 4279 1594 4338 niti,
1606 4291 1647 4327 ro·

873 4372 988 4423 ubisonm
1004 4372 1137 4433 cogitantes
1154 4383 1221 4419 sacra
1237 4373 1328 4418 naturae
1345 4368 1454 4425 vincula,
1469 4366 1558 4428 onibus
1574 4348 1647 4414 etit'rm
1716 4432 1721 4437 ⁸

872 4480 884 4504 ι
897 4460 953 4508 sorae
972 4460 1071 4508 invicem
1087 4457 1242 4506 conciliantur
1255 4461 1279 4505 et
1294 4468 1374 4504 amore
1388 4454 1546 4511 continentur,
1563 4452 1648 4502 deiude

872 4552 1031 4606 «caesarem,
1046 4546 1086 4606 qni
1102 4544 1184 4605 gratiae
1200 4542 1388 4603 redintegranda.
1398 4545 1482 4589 auctor
1496 4545 1561 4600 crat,
1578 4540 1648 4591 tectio

872 4655 884 4677 ιι
895 4634 1033 4696 meipsum,
1045 4634 1085 4693 oui
1098 4644 1179 4692 rogare
1189 4630 1251 4679 malo
1260 4642 1334 4692 quum
1345 4628 1434 4689 possim
1444 4627 1542 4687 iubere,
1554 4634 1648 4678 manete
1696 4678 1700 4682 ,

872 4723 987 4770 «iratres.
1020 4723 1073 4768 lam
1088 4718 1144 4767 iude
1153 4721 1234 4767 antem
1244 4717 1312 4766 robis
1326 4716 1357 4764 do
1366 4717 1459 4763 vestem
1468 4720 1494 4763 et
1503 4716 1596 4765 cultram
1608 4730 1647 4766 re-

872 4830 884 4852 tt
896 4810 961 4870 glum
973 4823 980 4855 :
993 4812 1117 4867 Deumque
1128 4804 1227 4853 obsecro
1237 4807 1263 4852 nt
1278 4816 1358 4851 mcum
1369 4804 1465 4853 tueatur
1476 4808 1648 4865 conservetque

41 4904 156 4963 θ”ΙΡμοι
172 4891 200 4949 δὲ
218 4892 312 4971 καὶτῷ
331 4894 392 4970 Θεῷ
404 4896 518 4971 τηρῆσαι
536 4890 582 4963 τήν
602 4890 667 4968 ἐμήν
687 4891 779 4972 κρίσιν,
795 4889 826 4948 δν
872 4896 1022 4957 «judicium,
1035 4891 1270 4943 sioonoordeseritis.
1283 4910 1295 4933 ο
1311 4893 1358 4939 lsla
1367 4890 1481 4952 loquutus
1490 4904 1648 4953 tantamquem-

870 4998 917 5047 qtre
934 4983 1035 5031 tiliorum
1051 4981 1199 5042 peramanter
1214 4978 1354 5040 complexus
1370 4981 1420 5039 est,
1437 4982 1462 5028 ct
1478 4978 1592 5041 populum
1609 4976 1646 5023 di·

870 5071 942 5129 misit,
953 5070 1012 5118 alios
1023 5068 1119 5130 quidem
1131 5071 1255 5129 precantes
1267 5072 1293 5115 nt
1306 5066 1376 5115 dictis
1388 5065 1529 5126 respondeat
1537 5066 1646 5121 creatus,

870 5159 928 5207 alios
939 5170 1007 5216 vero,
1019 5156 1061 5219 qni
1072 5154 1211 5204 mutationis
1220 5154 1299 5218 cupidi
1311 5156 1391 5212 erant,
1401 5146 1648 5209 neandiissaqnidcm

872 5260 897 5295 se
909 5246 1037 5309 quiequam
1047 5242 1194 5293 simulantes.
