3825 6059
216 459 218 462 ·
293 451 347 502 tto
389 437 532 519 (rrsr,rrsa.¹

769 443 846 502 ΤΟΥ
867 442 962 501 ΙΟΥΔ.
985 441 1170 504 ΠΟΛΕΜΟΥ
1192 446 1286 505 ΒΙΒΔ.
1307 447 1339 506 Γ.
1361 447 1454 507 ΚΕΦ.
1476 449 1498 507 1.

1735 451 1837 531 [mn]
1880 425 1881 512 ἶ

284 575 344 655 πρίν
360 599 385 634 τι
402 581 504 648 παθεῖν,
518 578 553 641 εἷς
568 574 626 641 τούς
645 574 779 656 σφετέρους
793 575 939 655 ἀνέφευγον·
954 573 1056 636 ἐπιδιόι-
1067 573 1078 652 ¹
1098 581 1201 628 dfmliffl
1213 582 1348 642 wssgfflsstti
1359 581 1483 641 θίθθῐθθίι
1495 581 1524 630 ³⁸¹
1538 595 1609 643 ⁵⁰⁰⁸.
1622 570 1743 644 θθῑθθθῑῐῦ
1754 587 1800 634 ”¹²¹¹
1808 587 1839 634 ⁸¹¹·

285 662 403 729 ξαντεςδέ
410 667 434 721 oi
442 662 570 739 Ῥωμαῖοι
578 662 771 720 συνελαύνουσιν
778 660 869 728 αὐτούς
877 662 1054 744 είςτάσκάφη.
1098 666 1157 728 q'nid
1168 670 1312 729 peterentur,
1323 669 1442 730 refugiunt
1453 689 1459 718 :
1469 673 1494 718 et
1501 671 1599 718 Romani
1610 671 1722 732 iugimnes
1731 675 1840 734 persequuti
1880 675 1881 678 ’

285 749 379 809 Καλοί
393 747 440 824 μὲν
454 746 607 827 ἀναχθέντες
625 750 660 813 είς
673 746 732 806 όοον
747 746 898 815 ἐξικνεῖσθαι
916 754 968 806 τῶν
986 749 1055 808 Ῥω·
1098 752 1230 814 odmvigie
1240 767 1281 802 eos
1290 755 1442 817 compellunt.
1469 754 1541 804 stilti
1551 755 1839 821 quideurtantumprurecti.
1880 751 1881 846 ¹

286 835 370 912 μαίων
383 836 521 914 βάλλοντες
530 833 661 909 δύναιντο,
674 832 720 901 τάς
729 858 756 892 τε
767 833 880 915 ἀγκύρας
890 835 999 894 έόαλλον
1011 835 1056 894 καί
1099 839 1161 889 unde
1176 843 1299 890 Romanos
1316 848 1412 904 possent
1428 843 1559 893 missilibus
1569 845 1714 906 contingere,
1728 851 1751 894 et
1763 859 1841 894 aucuru

259 921 463 989 σπυκνόισαντες
484 919 572 996 ὥσπερ
588 920 727 1000 φάλαγγας
748 920 793 988 τάς
813 928 874 989 ναῦς
894 923 1056 993 ἐπαλλήλως
1095 927 1231 989 jaciunt,et
1241 928 1391 991 phalangium
1401 943 1466 980 more
1477 929 1581 980 densatis
1590 931 1684 982 interne
1699 933 1841 992 nuntronio
1859 917 1881 972 'j

283 1011 337 1076 τοῖς
348 1008 391 1067 ἐπί
400 1014 446 1079 τῆς
454 1014 501 1086 γῆς
512 1008 700 1086 διεναυμάχουν
714 1009 856 1084 πολεμίοις.
885 1013 1055 1068 Οὐεσπασια-
1098 1013 1206 1063 stibusin
1215 1019 1276 1065 terra
1286 1017 1422 1066 constitutis
1431 1017 1538 1080 praetium
1551 1019 1635 1066 ιιενεΙε
1645 1024 1743 1068 movent
1769 1022 1841 1082 Vespr-

284 1095 326 1162 νδς
339 1096 366 1154 δθ
382 1095 411 1153 τθ
433 1093 499 1153 πολύ
513 1095 609 1163 πλῆθος
629 1095 713 1151 αὐτῶν
726 1094 892 1172 ἠθροισμένον
914 1097 1014 1154 ἀκούων
1029 1099 1055 1154 ἐν
1098 1101 1177 1151 smnus
1187 1105 1268 1152 autem
1277 1116 1331 1152 curn
1341 1104 1434 1154 audiret
1443 1118 1551 1166 mugram
1562 1118 1645 1155 eorum
1657 1105 1813 1157 multitudinem
1823 1108 1841 1154 in

284 1185 323 1262 τῷ
335 1182 386 1262 πρὸ
395 1185 442 1252 τῆς
452 1180 552 1244 πολεως
561 1178 652 1259 πεδίῳ,
663 1179 764 1257 πέμπει
775 1181 818 1239 τὸν
828 1182 882 1239 νίύν
893 1181 939 1240 σύν
949 1186 1056 1241 ἱππεῦσι
1098 1189 1194 1251 planitie
1208 1190 1297 1239 civitati
1317 1191 1424 1252 proxima
1439 1196 1618 1254 congregatam,
1636 1192 1709 1242 tilium
1725 1207 1787 1242 suurn
1798 1207 1841 1241 cun

285 1267 422 1337 ἑξακοσίοις
434 1267 584 1334 ἐπιλέκτοις.

1098 1276 1216 1326 sexcentis
1227 1276 1325 1326 delectis
1334 1291 1363 1327 eo
1374 1278 1455 1328 mittit.

243 1366 268 1403 ¹⁰
326 1356 411 1436 (ΛΓ.)
426 1355 460 1434 β’.
482 1354 554 1414 Ὁθέ
563 1354 703 1434 ὑπέρογκον
715 1353 796 1434 εὐράιν
806 1351 854 1424 τήν
863 1358 914 1411 τῶν
924 1354 1056 1432 πολεμίων
1129 1365 1257 1426 (xxxin.)
1268 1372 1291 1416 ε.
1302 1370 1326 1416 is
1337 1367 1612 1433 vero,quumingentern
1624 1368 1725 1418 bostium
1735 1368 1842 1418 multitudi·
1880 1355 1881 1450 ¹

283 1441 381 1514 πληθύν
392 1442 455 1520 πρὸς
468 1441 514 1519 μίν
531 1441 573 1499 τὸν
582 1441 683 1520 πατέρα
691 1439 790 1518 πέμπει
802 1440 916 1507 πλείονος
926 1439 1056 1517 δυνάμεως
1098 1464 1151 1500 nem
1163 1451 1388 1515 offendisset,pstri
1402 1453 1498 1516 quidem
1507 1456 1660 1516 signitioutum
1668 1456 1738 1506 mittit
1747 1456 1784 1505 sibi
1795 1469 1842 1518 opus
1880 1465 1881 1520 γ

283 1531 354 1610 αὐτῷ
364 1532 417 1588 δεῖν
427 1529 520 1604 λόγοιν.
532 1528 614 1594 Αὐτὸς
623 1527 651 1586 δὲ
660 1528 717 1594 τούς
728 1526 774 1604 μέν
783 1527 885 1594 πλείους
896 1532 947 1586 τῶν
955 1527 1056 1587 ἱππέων
1097 1551 1151 1588 esse
1166 1539 1238 1601 copiis
1252 1538 1389 1600 maioribus.
1423 1543 1597 1604 ceterumipss
1609 1543 1714 1606 equitum
1727 1544 1841 1606 plerosque,
1880 1525 1881 1562 ¹

284 1616 453 1696 ὁρμημένους
470 1619 547 1694 δρῶν,
564 1614 609 1673 καί
628 1614 689 1694 πρίν
704 1612 840 1693 ἀφικέσθαι
855 1613 984 1692 βοήθειαν,
1001 1614 1056 1673 ἔστι
1097 1626 1168 1676 etism
1179 1629 1305 1688 εειίιιυιιεευ
1315 1627 1657 1688 sunsidsvemrenoinutstos
1667 1629 1841 1686 animadvertens.

284 1700 313 1760 δέ
323 1701 365 1768 οὐς
383 1706 470 1779 ἡσυχῆ
484 1699 547 1782 πρὸς
559 1699 590 1758 τὸ
607 1702 702 1770 πλῆθος
715 1703 765 1758 τῶν
784 1700 916 1761 Ἰουδαίων
939 1725 1056 1760 κοιταπε·
1098 1712 1841 1777 nonnullosvero,visatudreorummultitudine,animispautulun

245 1803 270 1841 tt
285 1788 431 1867 πληγότας,
446 1791 472 1846 ἐν
486 1785 589 1866 ἐπηκόῳ
607 1784 684 1861 στάς,
699 1785 827 1866 «ἀνδρες,
843 1785 907 1866 ἔφη,
920 1786 1055 1864 Ῥωμαῖοι·
1097 1805 1268 1862 consternatos,
1274 1814 1349 1863 quum
1359 1801 1505 1851 constitisset
1514 1802 1690 1852 uudeexaudiri
1699 1801 1840 1865 possetariri,

284 1900 296 1926 ιι
310 1874 389 1933 καλὸν
403 1873 453 1954 γάρ
468 1876 494 1933 ἐν
507 1875 577 1954 ἀρχῇ
591 1877 643 1932 τῶν
656 1871 739 1950 λόγων
750 1877 899 1948 ὑπομνῆσαι
912 1880 957 1933 τοῦ
968 1873 1056 1951 γένους
1098 1887 1189 1949 inquit,
1200 1907 1213 1931 ιι
1222 1889 1334 1937 Romani!
1351 1903 1394 1938 ros
1409 1891 1496 1952 quippe
1511 1889 1617 1951 generis,
1627 1903 1700 1952 qrruru
1716 1889 1786 1938 dicere
1800 1889 1841 1936 ind·

259 1993 264 2002 ·
283 1987 296 2012 ι
308 1963 389 2036 opor,
400 1958 443 2017 ἵνα
454 1961 539 2030 εἰδῆτε
549 1960 614 2025 τίνες
624 1959 695 2025 ὄντες
707 1958 827 2038 καὶπρὸς
840 1959 911 2026 τίνας
922 1959 1055 2038 μάχεσθαι

283 2076 296 2098 ι
310 2046 447 2125 μέλλομεν.
489 2050 515 2106 Τ
516 2046 545 2114 ἀς
559 2045 607 2123 μέν
618 2045 668 2126 γάρ
688 2044 815 2126 ἡμετέρας
825 2047 915 2127 χεῖρας
929 2045 1001 2106 οὐδὲν
1021 2049 1056 2114 είς

250 2129 257 2142 “
281 2160 296 2187 ι
308 2139 382 2193 τοῦτο
393 2137 444 2192 τῶν
459 2132 502 2192 ἐπὶ
515 2139 561 2207 τῆς
574 2131 724 2211 οἰκουμένης
737 2131 916 2213 διαπέφευγεν,
935 2133 1055 2193 Ἰουδαῖοι

239 4413 266 4451 45

239 4842 267 4881 θθ

285 2248 297 2274 ι
311 2220 350 2294 δέ,
362 2211 403 2280 ἵνα
417 2219 482 2279 είπω
493 2220 538 2279 καί
553 2221 617 2299 ὐπέρ
632 2223 725 2294 αὐτῶν,
742 2215 875 2299 μέχρι’νύν
887 2222 915 2278 οὐ
929 2225 1055 2280 κοπιῶσιν

284 2339 297 2361 ιι
311 2308 463 2386 ἡττώμενοι.
506 2310 558 2369 Καὶ
579 2308 671 2385 δεινὸν,
690 2299 808 2366 ἑστώτων
828 2307 931 2367 ἐκείνων
950 2309 977 2366 ἐν
999 2309 1055 2376 ταῖς

283 2425 295 2448 ιι
310 2395 516 2476 κακοπραγίαις,
536 2400 607 2472 ἡμᾶς
630 2403 682 2460 τοῖς
707 2395 883 2474 εὐτυχήμασιν
906 2395 1053 2472 ἐγκάμνειν.

282 2485 460 2564 «Προθυμίας
477 2483 522 2561 μὲν
537 2475 580 2542 οὐν
598 2487 633 2550 εἰς
651 2483 680 2542 τὸ
697 2484 805 2565 φανερὸν
819 2475 927 2561 opseri
948 2483 1055 2563 ἔχοντας

283 2599 295 2622 ι
308 2571 393 2650 χαίρω
414 2571 529 2650 βλέπων,
551 2570 652 2630 δέδοικα
673 2570 700 2628 δέ
718 2569 755 2647 μή
770 2593 820 2628 τινι
837 2570 867 2628 τὸ
884 2573 981 2642 πλῆθος
1003 2573 1053 2627 τῶν

282 2686 294 2711 ιι
308 2659 439 2736 πολεμίων
450 2657 610 2730 κατάπληξιν
626 2660 764 2727 λεληθυῖαν
778 2656 958 2735 ἐνεργάσηται.
1000 2660 1052 2717 Δο-

283 2771 296 2797 r
307 2745 423 2822 γισάσθω
437 2744 468 2816 δή
484 2745 562 2804 πάλιν
579 2735 630 2805 oio<
643 2745 706 2823 πρὸς
714 2742 786 2810 οίους
804 2743 991 2822 παρατάξεται·
1009 2744 1055 2803 καί

283 2856 297 2882 ε
309 2831 373 2889 διότι
390 2832 512 2890 Ἰουδαῖοι
530 2826 587 2907 μέν,
607 2833 629 2888 εί
647 2831 692 2888 καί
717 2829 814 2909 σφόδρα
854 2829 986 2906 τολμηταί
1010 2831 1055 2888 ’καί

286 2918 421 2974 «θανάτου
447 2920 674 2997 καταφρονοῦντες,
696 2914 763 2989 ἀλλά
782 2914 938 2974 ἀσύντακτοί
957 2940 985 2975 τε
1009 2919 1054 2976 καὶ

285 3029 298 3055 ι
309 3001 428 3079 πολέμων
443 3002 559 3081 ἀπειροι,
573 3001 618 3060 καλ
631 3002 706 3081 ὄχλος
720 3001 752 3060 ἀν
767 3001 865 3073 άλλως,
877 3005 906 3061 οὐ
925 3003 1052 3082 στρατιά,

283 3118 296 3144 ι
311 3088 432 3167 λέγοιντο.
472 3089 516 3150 'tt
527 3089 553 3147 δέ
564 3093 610 3160 τῆς
619 3089 745 3171 ἡμετέροις
754 3089 889 3169 ἐμπειρίας
902 3091 947 3148 καὶ
957 3089 1055 3158 τάξεως

282 3204 294 3227 ιι
306 3175 331 3233 τί
342 3177 381 3234 δεῖ
393 3177 438 3238 καί
447 3175 545 3254 λέγειν;
558 3175 601 3234 ἐπὶ
614 3175 695 3255 τούτῳ
710 3173 796 3253 μέντοι
808 3199 838 3254 γε
852 3175 925 3252 μόνοι
937 3179 982 3236 καὶ
996 3177 1053 3236 κατ’

282 3263 410 3342 ιιείρήνην
432 3262 579 3341 ἀσκούμεθα
601 3267 654 3330 τοῖς
669 3262 775 3336 ὅπλοις,
795 3261 828 3321 ἵν’
845 3266 873 3322 ἐν
885 3264 994 3343 πολέμῳ
1016 3263 1053 3341 μή

281 3349 371 3430 ιπρθς
383 3350 413 3410 τὸ
432 3350 570 3410 ἀντίπαλον
588 3353 738 3430 ἀριθμῶμεν
757 3350 870 3416 ἐαυτυύς.
911 3349 987 3410 Ἐπεί
1007 3351 1052 3411 καλ

281 3466 294 3490 ιι
308 3438 345 3505 τίς
365 3437 450 3509 ὄνησις
470 3443 516 3510 τῆς
535 3440 663 3510 διηνεκοῦς
683 3435 832 3516 στρατείας,
855 3436 899 3496 tio
921 3436 973 3495 ίσοι
990 3438 1053 3516 πρὸς

285 3551 298 3578 ι
314 3527 499 3606 ἀστρατεύτους
515 3523 747 3599 ἀντιτασσώμεθας
762 3525 899 3602 Λογίζεσθε
914 3523 941 3582 δὲ
956 3525 995 3583 ότι
1009 3525 1053 3584 καί

281 3640 294 3663 ιι
308 3613 372 3692 πρὸς
387 3615 519 3690 γυμνήτας
531 3614 635 3670 δπλῖται
648 3610 693 3668 καλ
706 3613 795 3676 ἱππεῖς
807 3609 870 3690 πρὸς
884 3610 988 3683 πτζυύς,
1008 3612 1053 3670 καλ

281 3727 294 3752 ι
309 3698 528 3778 στρατηγούμενοι
547 3700 610 3777 πρδς
630 3696 841 3774 ἀστρατηγήτους
861 3697 1052 3775 διαγωνίζεσθε,

281 3812 294 3837 ι
308 3784 352 3842 καλ
363 3789 397 3851 ὡς
409 3789 475 3860 ὑμᾶς
487 3783 533 3862 μέν
544 3789 627 3841 ταῦτα
642 3782 853 3850 πολλαπλασίους
865 3792 933 3841 ποιεῖ
946 3783 979 3841 τά
990 3787 1053 3844 πλε·

281 3898 293 3923 ιι
307 3869 486 3945 ονεκτήματα,
499 3868 565 3927 πολύ
579 3868 607 3928 δέ
622 3872 673 3927 τῶν
685 3869 816 3944 πολεμίων
836 3843 942 3948 ἀρίθμύν
956 3894 1054 3952 παραι-

282 3985 294 4008 ιι
310 3965 390 4037 ρεῖται
401 3955 434 4013 τά
446 3955 627 4032 ἐλαττώματα.
669 3955 837 4035 Κατορθυῖδέ
850 3955 907 4022 τούς
925 3957 1053 4035 πολέμους

537 4043 545 4065 Ι

530 4176 537 4188 α

282 4072 293 4094 ι
306 4047 336 4102 οὐ
353 4047 448 4114 πλῆθος
466 4045 615 4202 dungeonis,
633 4035 716 4122 κάνῇ
737 4042 863 4120 μάχιμον,
884 4043 987 4120 ἀνδρεία
1010 4043 1052 4117 δὲ,

280 4158 293 4184 ι
307 4130 355 4189 κάν
370 4134 395 4191 ἐν
407 4131 501 4209 ὀλίγοις
578 4132 613 4189 οί
624 4128 671 4207 μέν
688 4152 718 4206 γε
735 4128 780 4187 καὶ
792 4127 992 4205 παρατάξασθαι
1006 4129 1051 4210 βιβ-

280 4243 293 4268 ιι
307 4217 356 4275 διοι
367 4215 412 4280 καὶ
425 4215 600 4294 προσαμύνειν
611 4219 724 4288 ίαυτοῖς,
736 4218 763 4273 αἱ
779 4213 806 4272 δέ
824 4212 961 4292 ὑπέρογκοι
973 4215 1051 4272 δυνά-

280 4330 293 4357 ι
308 4328 363 4380 μεις
377 4305 418 4384 ὐφ’
433 4307 531 4361 ἑαυτῶν
548 4301 706 4380 βλέπωνται
722 4299 799 4359 πλέον
813 4299 831 4371 ἢ
845 4303 896 4357 τῶν
912 4297 1051 4374 πολεμίοιν.

282 4417 294 4443 ι
310 4390 442 4451 Ἰουδαίων
453 4387 500 4467 μὲν
509 4380 553 4448 οὐν
565 4388 649 4466 τόλμα
658 4389 703 4446 καλ
712 4388 803 4468 θράσος
810 4391 921 4463 ἡγεῖται,
930 4385 1052 4453 ἀπονοίας

280 4506 293 4530 ιι
307 4479 396 4548 πάθη,
409 4475 477 4535 κατά
491 4475 538 4554 μίν
551 4475 598 4540 τάς
612 4475 751 4555 εὐπραγίας
769 4473 876 4543 εύτονα,
892 4471 1052 4548 σόεννύμενα

280 4591 293 4614 ιι
306 4564 333 4622 δέ
347 4566 373 4622 ἐν
389 4562 535 4642 ἐλαχίστοις
549 4561 707 4642 σφάλμασιν·
723 4564 797 4636 ἡμῶν
814 4560 841 4617 δέ
855 4557 934 4638 ἀρετή
949 4557 994 4616 καί
1008 4560 1049 4617 εὖ·

280 4675 292 4701 ιι
306 4649 404 4706 πείθεια
414 4650 458 4707 καὶ
468 4649 498 4708 τό
503 4657 628 4727 γενναῖον,
636 4647 650 4706 θ
659 4650 708 4706 κάν
716 4648 768 4714 τοῖς
777 4645 953 4725 εὐτυχήμασιν
966 4645 1049 4721 ἀκμά·

281 4738 342 4802 «ζει
356 4737 404 4792 κάν
422 4744 474 4802 τοῖς
486 4738 647 4813 πταίσμασιν
659 4737 687 4793 οὐ
702 4733 781 4814 μέχρι
792 4732 879 4799 τέλους
897 4733 1049 4814 σφάλλεται.

281 4850 294 4874 ιι
310 4821 363 4882 Καί
373 4821 436 4900 ὐπέρ
444 4823 564 4898 μειζόνων
574 4821 601 4880 δέ
611 4821 629 4893 ἢ
639 4821 759 4882 Ἰουδαῖοι
771 4823 954 4899 διαγωνιεῖσθε.
997 4818 1051 4878 Καὶ

283 4936 294 4964 ιι
311 4906 362 4988 γάρ
375 4910 399 4965 εί
412 4907 471 4986 περὶ
483 4909 626 4989 ἐλευθερίας
639 4909 683 4968 καλ
696 4908 818 4988 πατρίδος
830 4906 933 4972 ἐκείνοις
945 4909 960 4964 δ
973 4905 1052 4964 πυλε-

279 5025 291 5051 «
310 5018 356 5074 μσς
371 4993 561 5072 κινδυνεύεται,
580 4995 606 5052 τί
625 4999 710 5072 μεῖζον
728 5001 791 5072 ήμῖν
813 4992 925 5060 εὐδοξίας
943 4991 989 5050 καί
1005 4997 1051 5050 τοῦ

279 5111 291 5135 ιι
305 5081 344 5160 μή
366 5081 449 5140 δοκεῖν
470 5079 537 5156 μετά
557 5080 605 5152 τήν
619 5085 666 5152 τῆς
682 5080 832 5160 οίκουμένης
861 5079 1000 5158 ἡγεμονίαν
1024 5083 1051 5138 ἐν

278 5197 293 5221 ι
305 5167 442 5248 ἀντιπάλῳ
451 5166 484 5226 et
494 5167 626 5227 Ἰουδαίων
638 5167 816 5247 προτίθεσθαι,
827 5164 958 5228 Σκεπεέον
972 5164 999 5222 δὲ
1011 5163 1051 5222 ότι

1098 1993 1111 2018 ιι
1123 1975 1196 2038 pisrn,
1206 1975 1331 2025 admouere
1341 1975 1423 2036 decet,
1435 1977 1513 2038 utqui
1524 1977 1591 2039 sitis,
1602 1984 1627 2027 et
1635 1991 1689 2026 cunr
1696 1978 1775 2040 quibus
1784 1976 1841 2024 dnus

1099 2081 1111 2104 ιι
1125 2064 1263 2124 pugnaturi,
1272 2075 1319 2112 non
1331 2063 1449 2114 nesciatis.
1466 2065 1559 2114 Nostris
1570 2065 1635 2114 enim
1645 2078 1659 2115 e
1669 2065 1770 2114 ποιεῖθαι
1780 2063 1841 2112 nultus

1099 2169 1110 2190 ιι
1123 2149 1201 2198 adhuc
1211 2150 1313 2212 populus
1326 2163 1367 2212 per
1377 2152 1454 2200 totum
1466 2156 1581 2204 ternrurn
1596 2151 1677 2202 orbem
1686 2150 1840 2206 sdrusevsdr:

1098 2256 1110 2279 ι
1123 2235 1201 2287 tudoei
1215 2248 1285 2298 vero,
1301 2239 1329 2287 ut
1341 2237 1412 2286 είδειει
1421 2251 1465 2300 pro
1476 2238 1523 2288 iilis
1537 2239 1628 2301 sttoutd
1639 2239 1728 2299 dicem,
1743 2239 1841 2296 hueusque

1098 2342 1110 2366 ι
1123 2337 1171 2374 non
1180 2323 1300 2384 fatiscunt,
1309 2325 1364 2373 iicet
1373 2325 1439 2374 vieti.
1471 2323 1840 2388 iudignumituque,dumitticnn

1098 2430 1111 2454 ιι
1122 2411 1228 2460 adversis
1237 2410 1364 2460 conflictati
1374 2413 1457 2461 erectis
1467 2415 1530 2462 stunt
1543 2413 1645 2472 animis,
1659 2426 1701 2462 nos
1714 2411 1777 2460 etiarn
1785 2407 1840 2457 rebus

1098 2517 1110 2540 ιι
1123 2497 1370 2560 prosperetiuentibus
1379 2498 1535 2560 languescere.
1567 2499 1684 2563 Equidem
1692 2499 1754 2548 tutor
1762 2507 1841 2544 rosce-

1098 2603 1110 2627 ιι
1122 2597 1181 2634 nens
1200 2588 1293 2634 tentrrrn
1310 2583 1437 2634 alacritatis
1455 2585 1533 2646 prtem
1553 2585 1631 2635 racem
1651 2605 1657 2636 ι
1678 2585 1760 2635 neritus
1777 2583 1840 2630 auten

1098 2689 1109 2713 ι
1122 2684 1175 2720 sum
1184 2684 1214 2722 ne
1222 2673 1261 2721 eut
1270 2673 1376 2722 restrum
1383 2674 1448 2722 tants
1458 2671 1562 2722 hostiurn
1569 2672 1696 2722 multitudo
1705 2673 1759 2722 etan
1767 2673 1838 2718 neten

1097 2779 1109 2802 ι
1122 2760 1230 2809 incutiat.
1262 2759 1353 2808 idcirco
1367 2759 1469 2822 quisque
1485 2760 1570 2810 iterum
1586 2773 1668 2810 secum
1681 2759 1761 2820 cogitet
1771 2753 1837 2818 quiris

1098 2865 1110 2889 ιι
1122 2844 1377 2908 rttetedrersosquos
1386 2847 1409 2896 in
1419 2847 1493 2896 eciem
1507 2859 1687 2910 pmgressurus;
1702 2845 1839 2909 quodquetu-
1880 2885 1881 2912 γ

1097 2952 1109 2976 ιι
1120 2933 1166 2982 daei
1176 2968 1183 2994 ,
1193 2933 1249 2983 iicet
1259 2932 1328 2984 ratde
1339 2933 1441 2984 audaces
1452 2935 1500 2982 sint
1508 2937 1532 2983 et
1545 2940 1645 2986 mortem
1654 2935 1805 2990 contemnant,
1815 2929 1839 2975 in·
1880 2923 1881 2996 ¹

1097 3039 1109 3062 ιι
1122 3019 1244 3082 compositi
1261 3025 1353 3081 umen,
1372 3024 1396 3069 et
1412 3020 1466 3069 hetti
1482 3021 1603 3082 imperiti,
1619 3027 1690 3084 utque
1705 3017 1768 3069 turbs
1781 3015 1840 3078 potius
1880 3002 1881 3084 ¹

1097 3119 1192 3168 «quam
1206 3107 1326 3157 exercitus
1341 3093 1481 3169 sppeiiundi
1514 3110 1550 3156 De
1565 3109 1731 3159 restraauteru
1743 3101 1841 3168 peritiaei

1096 3213 1108 3236 ιι
1121 3193 1210 3244 ordinis
1218 3194 1368 3244 observantis
1376 3194 1433 3256 quid
1443 3199 1479 3244 est
1488 3194 1551 3256 quod
1563 3194 1642 3244 dicere
1654 3195 1764 3244 lumem?
1776 3201 1799 3239 eo
1807 3184 1840 3234 uti·
1880 3217 1881 3264 γ

1097 3301 1109 3324 ι
1120 3293 1167 3344 que
1181 3282 1245 3343 pacis
1256 3282 1327 3330 etism
1340 3285 1445 3343 tempore
1457 3281 1501 3330 soli
1512 3281 1586 3332 armis
1601 3265 1743 3341 exercemur,
1758 3283 1781 3326 ut
1790 3288 1813 3324 ne
1822 3273 1839 3320 in
1880 3265 1881 3346 ¹

1096 3388 1108 3412 ιι
1120 3369 1181 3418 betto
1196 3382 1240 3418 nos
1252 3377 1307 3418 com
1319 3367 1429 3430 nostibus
1440 3381 1539 3417 nomem
1553 3370 1709 3420 conteremus.
1738 3359 1840 3423 Alioquin,
1880 3347 1881 3440 ¹

1096 3474 1109 3498 ιι
1121 3453 1178 3517 quid
1197 3453 1301 3517 proderit
1316 3455 1410 3502 nosmet
1420 3453 1445 3501 in
1460 3457 1597 3516 perpetuam
1617 3453 1705 3506 militis·
1715 3451 1838 3511 disciptinae

1096 3559 1108 3583 ι
1121 3538 1227 3600 tradere,
1240 3538 1260 3586 si
1271 3549 1339 3600 peres
1348 3550 1404 3586 eum
1414 3536 1572 3586 inexercitatis
1583 3536 1773 3599 congrediamur?
1785 3537 1840 3582 Porro

1096 3641 1108 3666 ι
1121 3621 1242 3670 nobiscum
1255 3619 1433 3682 reputatequod
1442 3619 1527 3668 armati
1534 3631 1591 3668 cum
1604 3619 1732 3669 inermibus
1742 3615 1841 3676 nequiter
1880 3619 1881 3686 γ

1096 3710 1172 3748 «oum
1182 3697 1314 3762 peditibus,
1324 3704 1349 3750 et
1358 3702 1446 3763 quique
1455 3700 1522 3751 ducis
1535 3700 1580 3750 sub
1592 3701 1689 3764 imperio
1702 3711 1752 3747 cun
1762 3687 1839 3752 iitisuui
1880 3729 1881 3768 3

1096 3769 1840 3844 «duetoremnonsgnoseunt,‹ttmtesrunuue;quodquoniam·
1880 3833 1881 3836 γ

1096 3884 1108 3906 ι
1120 3862 1174 3913 dem
1184 3862 1308 3914 commoda
1319 3877 1363 3912 ros
1375 3863 1450 3913 mutto
1460 3862 1539 3926 piures
1548 3863 1660 3923 efficiunt,
1669 3856 1841 3914 incommodam
1880 3865 1881 3892 1

1096 3967 1108 3989 ι
1121 3953 1168 3996 tern
1175 3943 1532 3994 muttumdenurnerohostium
1541 3944 1673 3994 demumr.
1689 3935 1840 3992 staminium
1880 3963 1881 3966 ι

1096 4051 1108 4075 ιι
1121 4029 1260 4088 multitudo,
1278 4027 1387 4090 quamvis
1404 4027 1569 4090 pugnacissimi
1591 4027 1691 4087 inerint,
1708 4024 1758 4074 iacit
1775 4025 1797 4068 ut
1811 4025 1840 4064 m

1095 4130 1107 4153 ι
1120 4123 1230 4172 prospere
1238 4109 1324 4160 cedunt
1330 4110 1354 4159 in
1363 4111 1433 4171 bello,
1444 4111 1485 4160 sed
1493 4110 1614 4171 tortitudo,
1623 4109 1716 4161 etiarnsi
1725 4111 1839 4168 prunonem·
1880 4127 1881 4180 ι

1095 4211 1108 4235 ιι
1120 4195 1212 4255 Quippe
1224 4192 1247 4242 iri
1256 4193 1322 4242 tacite
1331 4195 1429 4255 possunt
1436 4193 1540 4242 ordinent
1547 4198 1571 4243 et
1578 4194 1624 4244 sibi
1634 4192 1733 4242 invicem
1741 4194 1839 4237 sucwttt·
1880 4225 1881 4252 ι

1095 4293 1107 4317 ι
1119 4285 1302 4336 re,oumerosce
1310 4277 1390 4324 sutem
1400 4275 1471 4323 nimis
1481 4273 1556 4336 copire
1569 4275 1624 4336 plus
1634 4271 1713 4322 damni
1726 4281 1740 4318 ε
1757 4279 1781 4315 se
1795 4258 1839 4324 ¹¹⁸¹
1880 4265 1881 4268 '

1095 4379 1107 4404 ιι
1119 4358 1234 4421 rccipiunt
1243 4371 1313 4420 qnam
1321 4357 1351 4406 ab
1359 4357 1473 4407 hostibus.
1484 4357 1581 4408 iudaeos
1588 4345 1840 4407 saneducunttemen'ltt

1095 4461 1107 4484 ι
1121 4443 1146 4490 et
1161 4438 1271 4496 audacia,
1282 4451 1337 4501 que
1352 4437 1483 4501 desperatis
1494 4439 1572 4488 soient
1583 4438 1702 4497 occidere,
1716 4438 1739 4485 et
1748 4432 1798 4482 dunt
1811 4435 1840 4473 ιθ

1095 4541 1107 4566 ιι
1119 4522 1179 4573 bene
1188 4520 1318 4573 succedunt
1327 4519 1555 4583 plurimumvsient,
1565 4533 1593 4569 ea
1603 4509 1839 4570 levissimoreroltiiu

1094 4623 1106 4647 ι
1118 4604 1221 4666 ἰατρείου
1229 4601 1400 4663 restinguitur:
1413 4613 1456 4649 nos
1465 4603 1543 4648 sutem
1557 4600 1644 4650 virtuto
1656 4596 1761 4648 ducimur
1769 4591 1791 4638 et
1800 4597 1838 4634 tm·
1880 4611 1881 4662 }

1094 4685 1193 4746 «rigere
1208 4683 1345 4742 voluntate,
1357 4682 1463 4742 itemque
1478 4680 1628 4742 tortitudine,
1643 4691 1697 4744 qun
1714 4674 1839 4735 inprospere
1880 4701 1881 4750 γ

1095 4769 1211 4818 ιῐοτιυιιε
1222 4767 1298 4827 riget,
1311 4770 1335 4814 et
1352 4765 1381 4814 ad
1393 4767 1526 4814 extremum
1538 4777 1614 4826 usque
1623 4776 1669 4814 non
1682 4759 1764 4811 inbitur
1778 4746 1839 4802 int¹
1880 4767 1881 4782 ι

1094 4869 1106 4894 ιι
1119 4849 1202 4899 amnis.
1234 4846 1330 4898 Accedit
1337 4845 1401 4908 quod
1410 4858 1453 4898 ros
1463 4858 1506 4908 pro
1518 4845 1588 4895 rebus
1599 4841 1727 4907 potioribus
1733 4845 1797 4899 qoam
1807 4829 1839 4916 ¹¹¹·
1880 4815 1881 4896 ¹

1094 4929 1157 4980 «dei
1173 4928 1298 4992 pugnaturi
1308 4925 1375 4976 estis.
1407 4927 1467 4974 Nam
1478 4923 1499 4973 si
1517 4925 1552 4974 itii
1565 4937 1608 4987 pro
1620 4923 1723 4973 libertato
1738 4927 1764 4965 ac
1778 4911 1838 4975 [nme
1880 4915 1881 4992 ¹

1094 5033 1106 5057 ι
1117 5010 1171 5062 betti
1181 5007 1307 5057 discrimen
1317 5005 1418 5066 adeunt,
1429 5003 1486 5067 quid
1498 5009 1535 5054 est
1544 5004 1611 5054 nobis
1619 4999 1712 5061 ruderis
1723 4987 1837 5046 tadeodun
1880 5013 1881 5062 γ

1094 5081 1735 5156 ισυεεοςίοτίε,είιιεροείοτθὶοιοττετυαιὶπιροτίυαι
1743 5071 1836 5132 estvm

1094 5157 1836 5231 aexistimeturnouusquomartecumtudaeisiocertomessii'
1880 5171 1881 5198 ι
